@article{bib:Kimble2008,
	title = "The quantum internet",
	author = "H. J. Kimble",
	year = "2008",
	journal = "Nature",
	volume = "453",
	pages = "1023"
}

@article{bib:Gisin2007,
	title = "Quantum communication",
	author = "N. Gisin and R. Thew",
	year = "2007",
	journal = "Nature Photonics",
	volume = "1",
	pages = "165"
}

@article{bib:SSRG09,
	title = "Quantum repeaters based on atomic ensembles and linear optics",
	author = "N. Sangouard and C. Simon and  N. de Riedmatten and N. Gisin",
	year = "2011",
	journal = "Reviews in Modern Physics",
	volume = "83",
	pages = "33"
}

@article{bib:WJM2015,
	title = "Inside quantum repeaters",
	author = "William J. Munro and Koji Azuma and Kiyoshi Tamaki and Kae Nemoto,",
	year = "2015",
	journal = "IEEE Journal of Selected Topics in Quantum Electronics",
	volume = "21",
	pages = "6400813"
}

@article{bib:enk98,
	title = "Photonic channels for quantum communication",
	author = "S. Enk and J. I. Cirac and P. Zoller",
	year = "1998",
	journal = "Science",
	volume = "279",
	pages = "205"
}

@article{bib:bennett93,
	title = "Teleporting an unknown quantum state via dual classical and Einstein-Podolsky-Rosen channels",
	author = "C. H. Bennett and G. Brassard and C. Crepeau and R. Jozsa and A. Peres and W.K. Wootters",
	year = "1993",
	journal = "Physical Review Letters",
	volume = "70",
	pages = "1895"
}

@article{bib:childress06,
	title = "Fault-tolerant quantum communication based on solid-state photon emitters",
	author = "L. Childress and J. M. Taylor and A. S. S{\o}rensen and M. D. Lukin",
	year = "2006",
	journal = "Physical Review Letters",
	volume = "96",
	pages = "070504"
}

@article{bib:loock06,
	title = "Hybrid quantum repeater using bright coherent light",
	author = "P. Van Loock and T. D. Ladd and K. Sanaka and F. Yamaguchi and K. Nemoto and W. J. Munro and Y. Yamamoto",
	year = "2006",
	journal = "Physical Review Letters",
	volume = "96",
	pages = "240501"
}

@article{bib:munro08,
	title = "High-bandwidth hybrid quantum repeater",
	author = "W. J. Munro and R. Van Meter and S. G. R. Louis and K. Nemoto",
	year = "2008",
	journal = "Physical Review Letters",
	volume = "101",
	pages = "040502"
}

@article{bib:Bennett96,
	title = "Purification of Noisy Entanglement and Faithful Teleportation via Noisy Channels",
	author = "C. H. Bennett and G. Brassard and S. Popescu and B. Schumacher and J. Smolin and W. K. Wootters",
	year = "1996",
	journal = "Physical Review Letters",
	volume = "76",
	pages = "722"
}

@article{bib:Deutsch98,
	title = "????",
	author = "D. Deutsch and A. Ekert and R. Jozsa and C. Macchiavello and S. Popescu and A. Sanpera",
	year = "1996",
	journal = "Physical Review Letters",
	volume = "77",
	pages = "2818"
}

@article{bib:dur98,
	title = "Quantum repeaters based on entanglement purification",
	author = "W. D{\"u}r and H. J. Briegel and J. I. Cirac and P. Zoller",
	year = "1999",
	journal = "Physical Review A",
	volume = "59",
	pages = "169"
}

@article{bib:pan01,
	title = "Entanglement purification for quantum communication",
	author = "J.-W. Pan and S. Simon and C. Brukner and A. Zeilinger",
	year = "2001",
	journal = "Nature",
	volume = "410",
	pages = "1067"
}

@article{bib:dur07,
	title = "Entanglement purification and quantum error correction",
	author = "W. D{\"u}r and H. J. Briegel",
	year = "2007",
	journal = "Reports on Progress in Physics",
	volume = "70",
	pages = "1381"
}

@article{bib:Stephens2013,
	title = "Hybrid-system approach to fault-tolerant quantum communication",
	author = "Ashley M. Stephens and Jingjing Huang and Kae Nemoto and William J. Munro",
	year = "2013",
	journal = "Physical Review A",
	volume = "87",
	pages = "052333"
}

@article{bib:BDCZ98,
	title = "Quantum repeaters: The role of imperfect local operations in quantum communication",
	author = "H. J. Briegel and W. D{\"u}r and J.I. Cirac and P Zoller",
	year = "1998",
	journal = "Physical Review Letters",
	volume = "81",
	pages = "5932"
}

@article{bib:Zukowski93,
	title = "Event-ready-detectors Bell experiment via entanglement swapping",
	author = "M. Zukowski and A. Zeilinger and M. A. Horne and A. K. Ekert",
	year = "1993",
	journal = "Physical Review Letters",
	volume = "71",
	pages = "4287"
}

@article{bib:duan01,
	title = "Long-distance quantum communication with atomic ensembles and linear optics",
	author = "L. M. Duan and M. D. Lukin and J. I. Cirac and P. Zoller",
	year = "2001",
	journal = "Nature",
	volume = "414",
	pages = "413"
}

@article{bib:goebel08,
	title = "Multistage Entanglement Swapping",
	author = "A. M. Goebel and G. Wagenknecht and Q. Zhang and Y. Chen and K. Chen and J. Schmiedmayer and J. W. Pan",
	year = "2008",
	journal = "Physical Review Letters",
	volume = "101",
	pages = "080403"
}

@article{bib:braztzik2013,
	title = "Quantum repeaters and quantum key distribution: The impact of entanglement
distillation on the secret key rate",
	author = "Sylvia Bratzik and Silvestre Abruzzo and Hermann Kampermann and Dagmar Brub",
	year = "2013",
	journal = "Physical Review A",
	volume = "86",
	pages = "062335"
}

@article{bib:devitt2013,
	title = "Quantum error correction for beginners",
	author = "Simon J. Devitt and William J. Munro and Kae Nemoto",
	year = "2013",
	journal = "Reports on Progress in Physics",
	volume = "76",
	pages = "076001"
}

@article{bib:jiang09,
	title = "Quantum repeater with encoding",
	author = "L. Jiang and J. M. Taylor and K. Nemoto and W. J Munro and R. Van Meter and M. D. Lukin",
	year = "2009",
	journal = "Physical Review A",
	volume = "79",
	pages = "032325"
}

@article{bib:munro10,
	title = "From quantum multiplexing to high-performance quantum networking",
	author = "W. J. Munro and K. A. Harrison and A. M. Stephens and S. J. Devitt and K. Nemoto",
	year = "2010",
	journal = "Nature Photonics",
	volume = "4",
	pages = "792"
}

@article{bib:munro12,
	title = "Quantum communication without the necessity
 of quantum memories",
	author = "W. J. Munro and A. M. Stephens and S. J. Devitt and K. A. Harrison and K. Nemoto",
	year = "2012",
	journal = "Nature Photonics",
	volume = "6",
	pages = "777"
}

 @phdthesis{bib:Aschauer2004,
	title = "???",
	author = "H. Aschauer",
	year = "2004",
	school = "Ludwig Maximilians Universitat, Munchen"
}

@article{bib:Bennettr1996a,
	title = "Mixed state entanglement and quantum error correction",
	author = "C. H. Bennett and D. P. DiVincenzo and J. A. Smolin and W. K. Wootters",
	year = "1996",
	journal = "Physical Review A",
	volume = "54",
	pages = "3824"
}

@article{bib:Knill97,
	title = "Theory of quantum error-correcting codes",
	author = "E. Knill and R. Laflamme",
	year = "1997",
	journal = "Physical Review A",
	volume = "55",
	pages = "900"
}

@article{bib:Knill2005,
	title = "Quantum computing with realistically noisy devices",
	author = "Emanuel Knill",
	year = "2005",
	journal = "Nature",
	volume = "434",
	pages = "39"
}

@article{bib:ralph05,
	title = "Loss-tolerant optical qubits",
	author = "T. C. Ralph and A. Hayes and A. Gilchrist",
	year = "2005",
	journal = "Physical Review Letters",
	volume = "95",
	pages = "100501"
}

@article{bib:Fowler10,
	title = "Surface code quantum communication",
	author = "A. G. Fowler and D. S, Wang and C. D. Hill and T. D. Ladd and R. Van Meter and L. C. L. Hollenberg",
	year = "2010",
	journal = "Physical Review Letters",
	volume = "104",
	pages = "180503"
}

@article{bib:ATL13,
	title = "All photonic quantum repeaters",
	author = "K. Azuma and K. Tamaki and H. K. Lo",
	year = "2015",
	journal = "Nature Communications",
	volume = "6",
	pages = "6787"
}

@article{bib:MKLLJ14,
	title = "Ultrafast and Fault-Tolerant Quantum Communication across Long Distances",
	author = "S. Muralidharan and J. Kim and N. L{\"u}tkenhaus and N. M. D. Lukin and L. Jiang",
	year = "2014",
	journal = "Physical Review Letters",
	volume = "112",
	pages = "250501"
}

@article{bib:Muralidharan2016,
	title = "Optimal architectures for long distance quantum communication",
	author = "Sreraman Muralidharan and Linshu Li and Jungsang Kim and Norbert Lutkenhaus and Mikhail D. Lukin and Liang Jiang",
	year = "2015",
	journal = "Scientific Reports",
	volume = "6",
	pages = "20463"
}