% Encoding: UTF-8
@article{jaksch1999entanglement,
  title={Entanglement of atoms via cold controlled collisions},
  author={Jaksch, D and Briegel, H-J and Cirac, JI and Gardiner, CW and Zoller, P},
  journal={Physical {R}eview {L}etters},
  volume={82},
  number={9},
  pages={1975},
  year={1999},
  publisher={APS}
}
@article{stinespring1955positive,
  title={Positive functions on {C}*-algebras},
  author={Stinespring, W Forrest},
  journal={Proceedings of the American Mathematical Society},
  volume={6},
  number={2},
  pages={211--216},
  year={1955},
  publisher={JSTOR}
}
@article{landauer1996physical,
  title={The physical nature of information},
  author={Landauer, Rolf},
  journal={Physics {L}etters A},
  volume={217},
  number={4-5},
  pages={188--193},
  year={1996},
  publisher={North-Holland}
}

@article{rabin2005exchange,
  title={How To Exchange Secrets with Oblivious Transfer.},
  author={Rabin, Michael O},
  journal={IACR Cryptology ePrint Archive},
  volume={2005},
  pages={187},
  year={2005}
}


@article{hein2004multiparty,
  title={Multiparty entanglement in graph states},
  author={Hein, Marc and Eisert, Jens and Briegel, Hans J},
  journal={Physical Review A},
  volume={69},
  number={6},
  pages={062311},
  year={2004},
  publisher={APS}
}


@article{deutsch1989quantum,
  title={Quantum computational networks},
  author={Deutsch, David Elieser},
  journal={Proc. R. Soc. Lond. A},
  volume={425},
  number={1868},
  pages={73--90},
  year={1989},
  publisher={The Royal Society}
}
@article{yao1993quantum,
  title={Quantum circuit complexity},
  author={Yao, A Chi-Chih},
  year={1993},
  publisher={IEEE}
}


@inproceedings{schrodinger1935discussion,
  title={Discussion of probability relations between separated systems},
  author={Schr{\"o}dinger, Erwin},
  booktitle={Mathematical Proceedings of the Cambridge Philosophical Society},
  volume={31},
  number={4},
  pages={555--563},
  year={1935},
  organization={Cambridge University Press}
}


@book{kaye2007introduction,
  title={An introduction to quantum computing},
  author={Kaye, Phillip and Laflamme, Raymond and Mosca, Michele and others},
  year={2007},
  publisher={Oxford University Press}
}


@inproceedings{dupuis2010secure,
  title={Secure two-party quantum evaluation of unitaries against specious adversaries},
  author={Dupuis, Fr{\'e}d{\'e}ric and Nielsen, Jesper Buus and Salvail, Louis},
  booktitle={Annual Cryptology Conference},
  pages={685--706},
  year={2010},
  organization={Springer}
}

@inproceedings{gutoski2007toward,
  title={Toward a general theory of quantum games},
  author={Gutoski, Gus and Watrous, John},
  booktitle={Proceedings of the thirty-ninth annual ACM symposium on Theory of computing},
  pages={565--574},
  year={2007},
  organization={ACM}
}

@book{ibm50,
  title={Ibm announces advances to ibm quantum systems and ecosystem},
  author={Vu ,C.},
  year={2017, November 10},
  publisher={Retrieved from \url{http://www-03.ibm.com/press/us/en/pressrelease/53374.wss}}
}

@book{intel49,
  title={The Future of Quantum Computing is Counted in Qubits},
  author={},
  year={2018, May 02},
  publisher={Retrieved from \url{https://newsroom.intel.com/news/future-quantum-computing-counted-qubits/}}
}

@book{google72,
  title={A  Preview  of  Bristlecone,  Googles  New Quantum   Processor},
  author={Kelly ,J.},
  year={2018, April 03},
  publisher={Retrieved from \url{https://research.googleblog.com/2018/03/a-preview-of-bristlecone-googles-new.html}}
}


@book{ionq160,
  title={IonQ harnesses single-atom qubits to build the world's most powerful quantum computer},
  author={},
  year={2018, December 11},
  publisher={Retrieved from \url{https://ionq.co/news/december-11-2018}}
}


@inproceedings{bennett1984quantum,
  title={Quantum {C}rytography},
  author={Bennett, Charles H},
  booktitle={Proc. IEEE Int. Conf. Computers, Systems, and Signal Processing, Bangalore, India, 1984},
  pages={175--179},
  year={1984}
}

@article{ekert1991quantum,
  title={Quantum cryptography based on Bell's theorem},
  author={Ekert, Artur K},
  journal={Physical {R}eview {L}etters},
  volume={67},
  number={6},
  pages={661},
  year={1991},
  publisher={APS}
}


@incollection{broadbent2013quantum,
  title={Quantum one-time programs},
  author={Broadbent, Anne and Gutoski, Gus and Stebila, Douglas},
  booktitle={Advances in Cryptology--CRYPTO 2013},
  pages={344--360},
  year={2013},
  publisher={Springer}
}

@article{alagic2016quantum,
  title={On quantum obfuscation},
  author={Alagic, Gorjan and Fefferman, Bill},
  journal={arXiv preprint arXiv:1602.01771},
  year={2016}
}
@article{kashefi2017garbled,
  title={Garbled quantum computation},
  author={Kashefi, Elham and Wallden, Petros},
  journal={Cryptography},
  volume={1},
  number={1},
  pages={6},
  year={2017},
  publisher={Multidisciplinary Digital Publishing Institute}
}
@inproceedings{goldwasser2008one,
  title={One-time programs},
  author={Goldwasser, Shafi and Kalai, Yael Tauman and Rothblum, Guy N},
  booktitle={Annual International Cryptology Conference},
  pages={39--56},
  year={2008},
  organization={Springer}
}

@book{cover2012elements,
  title={Elements of information theory},
  author={Cover, Thomas M and Thomas, Joy A},
  year={2012},
  publisher={John Wiley \& Sons}
}

@inproceedings{goyal2010founding,
  title={Founding cryptography on tamper-proof hardware tokens},
  author={Goyal, Vipul and Ishai, Yuval and Sahai, Amit and Venkatesan, Ramarathnam and Wadia, Akshay},
  booktitle={Theory of Cryptography Conference},
  pages={308--326},
  year={2010},
  organization={Springer}
}

@article{tan2016quantum,
  title={A quantum approach to homomorphic encryption},
  author={Tan, Si-Hui and Kettlewell, Joshua A and Ouyang, Yingkai and Chen, Lin and Fitzsimons, Joseph F},
  journal={Scientific {R}eports},
  volume={6},
  pages={33467},
  year={2016},
  publisher={Nature Publishing Group}
}

@article{ouyang2018quantum,
  title={Quantum homomorphic encryption from quantum codes},
  author={Ouyang, Yingkai and Tan, Si-Hui and Fitzsimons, Joseph F},
  journal={Physical {R}eview A},
  volume={98},
  number={4},
  pages={042334},
  year={2018},
  publisher={APS}
}

@article{yu2014limitations,
  title={Limitations on information-theoretically-secure quantum homomorphic encryption},
  author={Yu, Li and P{\'e}rez-Delgado, Carlos A and Fitzsimons, Joseph F},
  journal={Physical {R}eview A},
  volume={90},
  number={5},
  pages={050303},
  year={2014},
  publisher={APS}
}
@article{tan2017practical,
  title={Practical quantum somewhat-homomorphic encryption with coherent states},
  author={Tan, Si-Hui and Ouyang, Yingkai and Rohde, Peter P},
  journal={arXiv preprint arXiv:1710.03968},
  year={2017}
}

@article{lai2017statistically,
  title={On statistically-secure quantum homomorphic encryption},
  author={Lai, Ching-Yi and Chung, Kai-Min},
  journal={arXiv preprint arXiv:1705.00139},
  year={2017}
}



@inproceedings{broadbent2015quantum,
  title={Quantum homomorphic encryption for circuits of low T-gate complexity},
  author={Broadbent, Anne and Jeffery, Stacey},
  booktitle={Annual Cryptology Conference},
  pages={609--629},
  year={2015},
  organization={Springer}
}

@inproceedings{dulek2016quantum,
  title={Quantum homomorphic encryption for polynomial-sized circuits},
  author={Dulek, Yfke and Schaffner, Christian and Speelman, Florian},
  booktitle={Annual Cryptology Conference},
  pages={3--32},
  year={2016},
  organization={Springer}
}

@inproceedings{brakerski2018quantum,
  title={Quantum FHE (Almost) As Secure As Classical},
  author={Brakerski, Zvika},
  booktitle={Annual International Cryptology Conference},
  pages={67--95},
  year={2018},
  organization={Springer}
}



@article{hallgren2007polynomial,
  title={Polynomial-time quantum algorithms for Pell's equation and the principal ideal problem},
  author={Hallgren, Sean},
  journal={Journal of the ACM (JACM)},
  volume={54},
  number={1},
  pages={4},
  year={2007},
  publisher={ACM}
}

@article{wehner2018quantum,
  title={Quantum internet: A vision for the road ahead},
  author={Wehner, Stephanie and Elkouss, David and Hanson, Ronald},
  journal={Science},
  volume={362},
  number={6412},
  pages={eaam9288},
  year={2018},
  publisher={American Association for the Advancement of Science}
}


@article{danos2007distributed,
  title={Distributed measurement-based quantum computation},
  author={Danos, Vincent and D'Hondt, Ellie and Kashefi, Elham and Panangaden, Prakash},
  journal={Electronic Notes in Theoretical Computer Science},
  volume={170},
  pages={73--94},
  year={2007},
  publisher={Elsevier}
}

@article{mandel2003controlled,
  title={Controlled collisions for multi-particle entanglement of optically trapped atoms},
  author={Mandel, Olaf and Greiner, Markus and Widera, Artur and Rom, Tim and H{\"a}nsch, Theodor W and Bloch, Immanuel},
  journal={Nature},
  volume={425},
  number={6961},
  pages={937},
  year={2003},
  publisher={Nature Publishing Group}
}
@article{gao2017quantum,
  title={Quantum supremacy for simulating a translation-invariant Ising spin model},
  author={Gao, Xun and Wang, Sheng-Tao and Duan, L-M},
  journal={Physical {R}eview {L}etters},
  volume={118},
  number={4},
  pages={040502},
  year={2017},
  publisher={APS}
}

@article{takeuchi2018quantum,
  title={Quantum computational universality of hypergraph states with Pauli-X and Z basis measurements},
  author={Takeuchi, Yuki and Morimae, Tomoyuki and Hayashi, Masahito},
  journal={arXiv preprint arXiv:1809.07552},
  year={2018}
}

@article{bermejo2018architectures,
  title={Architectures for quantum simulation showing a quantum speedup},
  author={Bermejo-Vega, Juan and Hangleiter, Dominik and Schwarz, Martin and Raussendorf, Robert and Eisert, Jens},
  journal={Physical {R}eview X},
  volume={8},
  number={2},
  pages={021010},
  year={2018},
  publisher={APS}
}


@article{scarani2009security,
  title={The security of practical quantum key distribution},
  author={Scarani, Valerio and Bechmann-Pasquinucci, Helle and Cerf, Nicolas J and Du{\v{s}}ek, Miloslav and L{\"u}tkenhaus, Norbert and Peev, Momtchil},
  journal={{R}eviews of {M}odern {P}hysics},
  volume={81},
  number={3},
  pages={1301},
  year={2009},
  publisher={APS}
}

@book{goldreich2009foundations,
  title={Foundations of cryptography: volume 2, basic applications},
  author={Goldreich, Oded},
  year={2009},
  publisher={Cambridge university press}
}

@inproceedings{canetti2001universally,
  title={Universally composable security: A new paradigm for cryptographic protocols},
  author={Canetti, Ran},
  booktitle={Foundations of Computer Science, 2001. Proceedings. 42nd IEEE Symposium on},
  pages={136--145},
  year={2001},
  organization={IEEE}
}

@inproceedings{backes2003composable,
  title={A composable cryptographic library with nested operations},
  author={Backes, Michael and Pfitzmann, Birgit and Waidner, Michael},
  booktitle={Proceedings of the 10th ACM conference on Computer and communications security},
  pages={220--230},
  year={2003},
  organization={ACM}
}

@article{boykin2000new,
  title={A new universal and fault-tolerant quantum basis},
  author={Boykin, P Oscar and Mor, Tal and Pulver, Matthew and Roychowdhury, Vwani and Vatan, Farrokh},
  journal={Information Processing {L}etters},
  volume={75},
  number={3},
  pages={101--107},
  year={2000},
  publisher={Elsevier}
}


@article{regev2009lattices,
  title={On lattices, learning with errors, random linear codes, and cryptography},
  author={Regev, Oded},
  journal={Journal of the ACM (JACM)},
  volume={56},
  number={6},
  pages={34},
  year={2009},
  publisher={ACM}
}

@book{lindell2014introduction,
  title={Introduction to modern cryptography},
  author={Lindell, Yehuda and Katz, Jonathan},
  year={2014},
  publisher={Chapman and Hall/CRC}
}



@article{mantri2018composable,
  title={On composable security of classically driven blind quantum computation},
  author={Mantri, Atul and Demarie, Tommaso F and Fitzsimons, Joseph F},
  journal={In preparation},
  year={2018}}
  
 @article{mantri2018verifiable,
  title={Verifiable multi-client delegated quantum computation},
  author={Mantri, Atul and Murta, Gl\'aucia and Fitzsimons, Joseph F},
  journal={In preparation},
  year={2018}}
  
@article{mantri2018probabilistic,
  title={Probabilistic quantum one-time programs},
  author={Mantri, Atul and Kettlewell, Joshua A and Batalh{\~a}o, Tiago B and Fitzsimons, Joseph F},
  journal={In preparation},
  year={2018}}
  
    @article{mantri2018blind,
  title={Blind quantum computing in the presence of imperfect randomness},
  author={Mantri, Atul and Pisarczyk, Robert and  Morimae, Tomoyuki and Fitzsimons, Joseph F},
  journal={In preparation},
  year={2018}}


@incollection{maurer2011constructive,
  title={Constructive cryptography--a new paradigm for security definitions and proofs},
  author={Maurer, Ueli},
  booktitle={Theory of Security and Applications},
  pages={33--56},
  year={2011},
  publisher={Springer}
}

@inproceedings{dodis2004possibility,
  title={On the (im) possibility of cryptography with imperfect randomness},
  author={Dodis, Yevgeniy and Ong, Shien Jin and Prabhakaran, Manoj and Sahai, Amit},
  booktitle={Foundations of Computer Science, 2004. Proceedings. 45th Annual IEEE Symposium on},
  pages={196--205},
  year={2004},
  organization={IEEE}
}
@article{horodecki2009quantum,
  title={Quantum entanglement},
  author={Horodecki, Ryszard and Horodecki, Pawe{\l} and Horodecki, Micha{\l} and Horodecki, Karol},
  journal={{R}eviews of {M}odern {P}hysics},
  volume={81},
  number={2},
  pages={865},
  year={2009},
  publisher={APS}
}
@article{bell1964einstein,
  title={On the einstein podolsky rosen paradox},
  author={Bell, John S},
  journal={Physics Physique Fizika},
  volume={1},
  number={3},
  pages={195},
  year={1964},
  publisher={APS}
}
@ARTICLE{heisenberg1927uncertainity,
   author = {{Heisenberg}, W.},
    title = "{{\"U}ber den anschaulichen Inhalt der quantentheoretischen Kinematik und Mechanik}",
  journal = {Zeitschrift fur Physik},
     year = 1927,
    month = mar,
   volume = 43,
    pages = {172-198},
      doi = {10.1007/BF01397280},
  adsnote = {Provided by the SAO/NASA Astrophysics Data System}
}

@inproceedings{ben2005universal,
  title={The universal composable security of quantum key distribution},
  author={Ben-Or, Michael and Horodecki, Micha{\l} and Leung, Debbie W and Mayers, Dominic and Oppenheim, Jonathan},
  booktitle={Theory of Cryptography Conference},
  pages={386--406},
  year={2005},
  organization={Springer}
}
@article{muller2009composability,
  title={Composability in quantum cryptography},
  author={M{\"u}ller-Quade, J{\"o}rn and Renner, Renato},
  journal={New Journal of Physics},
  volume={11},
  number={8},
  pages={085006},
  year={2009},
  publisher={IOP Publishing}
}
@book{arora2009computational,
  title={Computational {C}omplexity: {A} {M}odern {A}pproach},
  author={Arora, Sanjeev and Barak, Boaz},
  year={2009},
  publisher={Cambridge University Press}
}
@article{koenig2007small,
  title={Small accessible quantum information does not imply security},
  author={K{\"o}nig, Robert and Renner, Renato and Bariska, Andor and Maurer, Ueli},
  journal={Physical {R}eview {L}etters},
  volume={98},
  number={14},
  pages={140502},
  year={2007},
  publisher={APS}
}

@article{hempel2018quantum,
  title={Quantum chemistry calculations on a trapped-ion quantum simulator},
  author={Hempel, Cornelius and Maier, Christine and Romero, Jonathan and McClean, Jarrod and Monz, Thomas and Shen, Heng and Jurcevic, Petar and Lanyon, Ben and Love, Peter and Babbush, Ryan and others},
  journal={arXiv preprint arXiv:1803.10238},
  year={2018}
}

@article{chen201864,
  title={64-qubit quantum circuit simulation},
  author={Chen, Zhao-Yun and Zhou, Qi and Xue, Cheng and Yang, Xia and Guo, Guang-Can and Guo, Guo-Ping},
  journal={Science Bulletin},
  year={2018},
  publisher={Elsevier}
}
@article{mcardle2018quantum,
  title={Quantum computational chemistry},
  author={McArdle, Sam and Endo, Suguru and Aspuru-Guzik, Alan and Benjamin, Simon and Yuan, Xiao},
  journal={arXiv preprint \\ arXiv:1808.10402},
  year={2018}
}
@article{riste2017demonstration,
  title={Demonstration of quantum advantage in machine learning},
  author={Rist{\`e}, Diego and da Silva, Marcus P and Ryan, Colm A and Cross, Andrew W and C{\'o}rcoles, Antonio D and Smolin, John A and Gambetta, Jay M and Chow, Jerry M and Johnson, Blake R},
  journal={npj Quantum Information},
  volume={3},
  number={1},
  pages={16},
  year={2017},
  publisher={Nature Publishing Group}
}

@article{rebentrost2018quantum,
  title={Quantum computational finance: Monte Carlo pricing of financial derivatives},
  author={Rebentrost, Patrick and Gupt, Brajesh and Bromley, Thomas R},
  journal={arXiv preprint arXiv:1805.00109},
  year={2018}
}



@article{nielsen2006cluster,
  title={Cluster-state quantum computation},
  author={Nielsen, Michael A},
  journal={Reports on Mathematical Physics},
  volume={57},
  number={1},
  pages={147--161},
  year={2006},
  publisher={Elsevier}
}

@book{nielsen2002quantum,
  title={Quantum {C}omputation and {Q}uantum {I}nformation},
  author={Nielsen, Michael A and Chuang, Isaac},
  year={2000},
  publisher={Cambridge University Press}
}


@inproceedings{broadbent2009universal,
  title={Universal blind quantum computation},
  author={Broadbent, Anne and Fitzsimons, Joseph and Kashefi, Elham},
  booktitle={Foundations of Computer Science, 2009. FOCS'09. 50th Annual IEEE Symposium on},
  pages={517--526},
  year={2009},
  organization={IEEE}
}

@article{barz2012demonstration,
  title={Demonstration of blind quantum computing},
  author={Barz, Stefanie and Kashefi, Elham and Broadbent, Anne and Fitzsimons, Joseph F and Zeilinger, Anton and Walther, Philip},
  journal={Science},
  volume={335},
  number={6066},
  pages={303--308},
  year={2012},
  publisher={American Association for the Advancement of Science}
}


@article{wiesner1983conjugate,
  title={Conjugate coding},
  author={Wiesner, Stephen},
  journal={ACM Sigact News},
  volume={15},
  number={1},
  pages={78--88},
  year={1983},
  publisher={ACM}
}

@article{konig2009operational,
  title={The operational meaning of min-and max-entropy},
  author={Konig, Robert and Renner, Renato and Schaffner, Christian},
  journal={IEEE Transactions on Information theory},
  volume={55},
  number={9},
  pages={4337--4347},
  year={2009},
  publisher={IEEE}
}
@article{dupuis2014one,
  title={One-shot decoupling},
  author={Dupuis, Fr{\'e}d{\'e}ric and Berta, Mario and Wullschleger, J{\"u}rg and Renner, Renato},
  journal={Communications in Mathematical Physics},
  volume={328},
  number={1},
  pages={251--284},
  year={2014},
  publisher={Springer}
}

@article{buscemi2010quantum,
  title={The quantum capacity of channels with arbitrarily correlated noise},
  author={Buscemi, Francesco and Datta, Nilanjana},
  journal={IEEE Transactions on Information theory},
  volume={56},
  number={3},
  pages={1447--1460},
  year={2010},
  publisher={IEEE}
}

@article{tomamichel2011uncertainty,
  title={Uncertainty relation for smooth entropies},
  author={Tomamichel, Marco and Renner, Renato},
  journal={Physical {R}eview {L}etters},
  volume={106},
  number={11},
  pages={110506},
  year={2011},
  publisher={APS}
}

@article{tomamichel2010duality,
  title={Duality between smooth min-and max-entropies},
  author={Tomamichel, Marco and Colbeck, Roger and Renner, Renato},
  journal={IEEE Transactions on Information Theory},
  volume={56},
  number={9},
  pages={4674--4681},
  year={2010},
  publisher={IEEE}
}
@article{clauser1969proposed,
  title={Proposed experiment to test local hidden-variable theories},
  author={Clauser, John F and Horne, Michael A and Shimony, Abner and Holt, Richard A},
  journal={Physical {R}eview {L}etters},
  volume={23},
  number={15},
  pages={880},
  year={1969},
  publisher={APS}
}

@article{aravinda2012general,
  title={On a general criterion for nonclassicality from a signaling perspective},
  author={Aravinda, S and Srikanth, R},
  journal={arXiv preprint arXiv:1211.6407},
  year={2012}
}

@article{barrett2005nonlocal,
  title={Nonlocal correlations as an information-theoretic resource},
  author={Barrett, Jonathan and Linden, Noah and Massar, Serge and Pironio, Stefano and Popescu, Sandu and Roberts, David},
  journal={Physical {R}eview A},
  volume={71},
  number={2},
  pages={022101},
  year={2005},
  publisher={APS}
}

@article{diosi1989models,
  title={Models for universal reduction of macroscopic quantum fluctuations},
  author={Di{\'o}si, Lajos},
  journal={Physical {R}eview A},
  volume={40},
  number={3},
  pages={1165},
  year={1989},
  publisher={APS}
}

@article{barnum2009ordered,
  title={Ordered linear spaces and categories as frameworks for information-processing characterizations of quantum and classical theory},
  author={Barnum, Howard and Wilce, Alexander},
  journal={arXiv preprint arXiv:0908.2354},
  year={2009}
}

@article{marshall2003towards,
  title={Towards quantum superpositions of a mirror},
  author={Marshall, William and Simon, Christoph and Penrose, Roger and Bouwmeester, Dik},
  journal={Physical {R}eview {L}etters},
  volume={91},
  number={13},
  pages={130401},
  year={2003},
  publisher={APS}
}
@article{vitanov2013chain,
  title={Chain rules for smooth min-and max-entropies},
  author={Vitanov, Alexander and Dupuis, Frederic and Tomamichel, Marco and Renner, Renato},
  journal={IEEE Transactions on Information Theory},
  volume={59},
  number={5},
  pages={2603--2612},
  year={2013},
  publisher={IEEE}
}
@article{acin2007device,
  title={Device-independent security of quantum cryptography against collective attacks},
  author={Ac{\'\i}n, Antonio and Brunner, Nicolas and Gisin, Nicolas and Massar, Serge and Pironio, Stefano and Scarani, Valerio},
  journal={Physical {R}eview {L}etters},
  volume={98},
  number={23},
  pages={230501},
  year={2007},
  publisher={APS}
}

@article{canetti2013refereed,
  title={Refereed delegation of computation},
  author={Canetti, Ran and Riva, Ben and Rothblum, Guy N},
  journal={Information and Computation},
  volume={226},
  pages={16--36},
  year={2013},
  publisher={Elsevier}
}

@incollection{ishai2013power,
  title={On the power of correlated randomness in secure computation},
  author={Ishai, Yuval and Kushilevitz, Eyal and Meldgaard, Sigurd and Orlandi, Claudio and Paskin-Cherniavsky, Anat},
  booktitle={Theory of Cryptography},
  pages={600--620},
  year={2013},
  publisher={Springer}
}

@inproceedings{kobayashi2003quantum,
  title={Quantum Merlin-Arthur proof systems: Are multiple Merlins more helpful to Arthur?},
  author={Kobayashi, Hirotada and Matsumoto, Keiji and Yamakami, Tomoyuki},
  booktitle={International Symposium on Algorithms and Computation},
  pages={189--198},
  year={2003},
  organization={Springer}
}


@inproceedings{toner2009monogamy,
  title={Monogamy of non-local quantum correlations},
  author={Toner, Ben},
  booktitle={Proceedings of the Royal Society of London A: Mathematical, Physical and Engineering Sciences},
  volume={465},
  number={2101},
  pages={59--69},
  year={2009},
  organization={The Royal Society}
}

@article{tomamichel2012framework,
  title={A framework for non-asymptotic quantum information theory},
  author={Tomamichel, Marco},
  journal={arXiv preprint arXiv:1203.2142},
  year={2012}
}

@article{morimae2013blind,
  title={Blind quantum computation protocol in which Alice only makes measurements},
  author={Morimae, Tomoyuki and Fujii, Keisuke},
  journal={Physical {R}eview A},
  volume={87},
  number={5},
  pages={050301},
  year={2013},
  publisher={APS}
}


@inproceedings{dunjko2014composable,
  title={Composable security of delegated quantum computation},
  author={Dunjko, Vedran and Fitzsimons, Joseph F and Portmann, Christopher and Renner, Renato},
  booktitle={International Conference on the Theory and Application of Cryptology and Information Security},
  pages={406--425},
  year={2014},
  organization={Springer}
}
@article{gottesman1998heisenberg,
  title={The Heisenberg representation of quantum computers},
  author={Gottesman, Daniel},
  journal={arXiv preprint quant-ph/9807006},
  year={1998}
}
@inproceedings{nayak1999optimal,
  title={Optimal lower bounds for quantum automata and random access codes},
  author={Nayak, Ashwin},
  booktitle={Foundations of Computer Science, 1999. 40th Annual Symposium on},
  pages={369--376},
  year={1999},
  organization={IEEE}
}
@article{ambainis1998dense,
  title={Dense quantum coding and a lower bound for 1-way quantum automata},
  author={Ambainis, Andris and Nayak, Ashwin and Ta-Shma, Amnon and Vazirani, Umesh},
  journal={arXiv preprint quant-ph/9804043},
  year={1998}
}


@inproceedings{mhalla2011graph,
  title={Which graph states are useful for quantum information processing?},
  author={Mhalla, Mehdi and Murao, Mio and Perdrix, Simon and Someya, Masato and Turner, Peter S},
  booktitle={Conference on Quantum Computation, Communication, and Cryptography},
  pages={174--187},
  year={2011},
  organization={Springer}
}


@article{gottesman1999quantum,
  title={Quantum teleportation is a universal computational primitive},
  author={Gottesman, Daniel and Chuang, Isaac L},
  journal={arXiv preprint quant-ph/9908010},
  year={1999}
}

@article{gottesman1999demonstrating,
  title={Demonstrating the viability of universal quantum computation using teleportation and single-qubit operations},
  author={Gottesman, Daniel and Chuang, Isaac L},
  journal={Nature},
  volume={402},
  number={6760},
  pages={390},
  year={1999},
  publisher={Nature Publishing Group}
}

@article{zhou2000methodology,
  title={Methodology for quantum logic gate construction},
  author={Zhou, Xinlan and Leung, Debbie W and Chuang, Isaac L},
  journal={Physical {R}eview A},
  volume={62},
  number={5},
  pages={052316},
  year={2000},
  publisher={APS}
}

@article{danos2007measurement,
  title={The measurement calculus},
  author={Danos, Vincent and Kashefi, Elham and Panangaden, Prakash},
  journal={Journal of the ACM (JACM)},
  volume={54},
  number={2},
  pages={8},
  year={2007},
  publisher={ACM}
}

@article{lloyd1996universal,
  title={Universal quantum simulators},
  author={Lloyd, Seth},
  journal={Science},
  pages={1073--1078},
  year={1996},
  publisher={JSTOR}
}

@article{biamonte2017quantum,
  title={Quantum machine learning},
  author={Biamonte, Jacob and Wittek, Peter and Pancotti, Nicola and Rebentrost, Patrick and Wiebe, Nathan and Lloyd, Seth},
  journal={Nature},
  volume={549},
  number={7671},
  pages={195},
  year={2017},
  publisher={Nature Publishing Group}
}


@article{vandersypen2005nmr,
  title={NMR techniques for quantum control and computation},
  author={Vandersypen, Lieven MK and Chuang, Isaac L},
  journal={{R}eviews of {M}odern {P}hysics},
  volume={76},
  number={4},
  pages={1037},
  year={2005},
  publisher={APS}
}

@article{blatt2008entangled,
  title={Entangled states of trapped atomic ions},
  author={Blatt, Rainer and Wineland, David},
  journal={Nature},
  volume={453},
  number={7198},
  pages={1008},
  year={2008},
  publisher={Nature Publishing Group}
}

@article{einstein1935can,
  title={Can quantum-mechanical description of physical reality be considered complete?},
  author={Einstein, Albert and Podolsky, Boris and Rosen, Nathan},
  journal={Physical {R}eview},
  volume={47},
  number={10},
  pages={777},
  year={1935},
  publisher={APS}
}

@article{fingerhuth2018open,
  title={Open source software in quantum computing},
  author={Fingerhuth, Mark and Babej, Tom{\'a}{\v{s}} and Wittek, Peter},
  journal={PloS one},
  volume={13},
  number={12},
  pages={e0208561},
  year={2018},
  publisher={Public Library of Science}
}


@misc{wiki:qpu,
    author = "{Wikipedia contributors}",
    title = "List of quantum processors --- {Wikipedia}{,} The Free Encyclopedia",
    year = "2018",
    howpublished = "\url{https://en.wikipedia.org/w/index.php?title=List_of_quantum_processors&oldid=863489411}",
    note = "[Online; accessed 26-December-2018]"
  }

@article{bloch2008many,
  title={Many-body physics with ultracold gases},
  author={Bloch, Immanuel and Dalibard, Jean and Zwerger, Wilhelm},
  journal={{R}eviews of {M}odern {P}hysics},
  volume={80},
  number={3},
  pages={885},
  year={2008},
  publisher={APS}
}
@article{yamamoto2003demonstration,
  title={Demonstration of conditional gate operation using superconducting charge qubits},
  author={Yamamoto, Tsuyoshi and Pashkin, Yu A and Astafiev, Oleg and Nakamura, Yasunobu and Tsai, Jaw-Shen},
  journal={Nature},
  volume={425},
  number={6961},
  pages={941},
  year={2003},
  publisher={Nature Publishing Group}
}

@article{dicarlo2009demonstration,
  title={Demonstration of two-qubit algorithms with a superconducting quantum processor},
  author={DiCarlo, L and Chow, JM and Gambetta, JM and Bishop, Lev S and Johnson, BR and Schuster, DI and Majer, J and Blais, A and Frunzio, L and Girvin, SM and others},
  journal={Nature},
  volume={460},
  number={7252},
  pages={240},
  year={2009},
  publisher={Nature Publishing Group}
}

@article{clarke2008superconducting,
  title={Superconducting quantum bits},
  author={Clarke, John and Wilhelm, Frank K},
  journal={Nature},
  volume={453},
  number={7198},
  pages={1031},
  year={2008},
  publisher={Nature Publishing Group}
}

@article{divincenzo1995two,
  title={Two-bit gates are universal for quantum computation},
  author={DiVincenzo, David P},
  journal={Physical Review A},
  volume={51},
  number={2},
  pages={1015},
  year={1995},
  publisher={APS}
}




@article{barenco1995elementary,
  title={Elementary gates for quantum computation},
  author={Barenco, Adriano and Bennett, Charles H and Cleve, Richard and DiVincenzo, David P and Margolus, Norman and Shor, Peter and Sleator, Tycho and Smolin, John A and Weinfurter, Harald},
  journal={Physical {R}eview A},
  volume={52},
  number={5},
  pages={3457},
  year={1995},
  publisher={APS}
}

@article{shor1999polynomial,
  title={Polynomial-time algorithms for prime factorization and discrete logarithms on a quantum computer},
  author={Shor, Peter W},
  journal={SIAM {R}eview},
  volume={41},
  number={2},
  pages={303--332},
  year={1999},
  publisher={SIAM}
}


@article{raussendorf2005quantum,
  title={Quantum computation via translation-invariant operations on a chain of qubits},
  author={Raussendorf, Robert},
  journal={Physical {R}eview A},
  volume={72},
  number={5},
  pages={052301},
  year={2005},
  publisher={APS}
}

@article{fitzsimons2006globally,
  title={Globally controlled quantum wires for perfect qubit transport, mirroring, and computing},
  author={Fitzsimons, Joseph and Twamley, Jason},
  journal={Physical {R}eview {L}etters},
  volume={97},
  number={9},
  pages={090502},
  year={2006},
  publisher={APS}
}


%%%-----------------------

@incollection{buhrman2003distributed,
	Author = {Buhrman, Harry and R{\"o}hrig, Hein},
	Booktitle = {Mathematical Foundations of Computer Science 2003},
	Pages = {1--20},
	Publisher = {Springer},
	Title = {Distributed quantum computing},
	Year = {2003}}


@article{danos2006determinism,
	Author = {Danos, Vincent and Kashefi, Elham},
	Journal = {Physical {R}eview A},
	Number = {5},
	Pages = {052310},
	Publisher = {APS},
	Title = {Determinism in the one-way model},
	Volume = {74},
	Year = {2006}}

@article{browne2007generalized,
	Author = {Browne, Daniel E and Kashefi, Elham and Mhalla, Mehdi and Perdrix, Simon},
	Journal = {New Journal of Physics},
	Number = {8},
	Pages = {250},
	Publisher = {IOP Publishing},
	Title = {Generalized flow and determinism in measurement-based quantum computation},
	Volume = {9},
	Year = {2007}}

@inproceedings{feigenbaum1985encrypting,
	Author = {Feigenbaum, Joan},
	Booktitle = {Advances in Cryptology---CRYPTO'85 Proceedings},
	Organization = {Springer},
	Pages = {477--488},
	Title = {Encrypting problem instances},
	Year = {1985}}

@inproceedings{abadi1987hiding,
	Author = {Abadi, Martin and Feigenbaum, Joan and Kilian, Joe},
	Booktitle = {Proceedings of the nineteenth annual ACM symposium on Theory of computing},
	Organization = {ACM},
	Pages = {195--203},
	Title = {On hiding information from an oracle},
	Year = {1987}}
	
@article{rivest1978data,
  title={On data banks and privacy homomorphisms},
  author={Rivest, Ronald L and Adleman, Len and Dertouzos, Michael L},
  journal={Foundations of {S}ecure {C}omputation},
  volume={4},
  number={11},
  pages={169--180},
  year={1978}}

@book{gentry2009fully,
  title={A fully homomorphic encryption scheme},
  author={Gentry, Craig and Boneh, Dan},
  volume={20},
  number={09},
  year={2009},
  publisher={Stanford University Stanford}
}


@article{peikert2016decade,
  title={A decade of lattice cryptography},
  author={Peikert, Chris and others},
  journal={Foundations and Trends{\textregistered} in Theoretical Computer Science},
  volume={10},
  number={4},
  pages={283--424},
  year={2016},
  publisher={Now Publishers, Inc.}
}


@article{serfling1974probability,
  title={Probability inequalities for the sum in sampling without replacement},
  author={Serfling, Robert J},
  journal={The Annals of Statistics},
  pages={39--48},
  year={1974},
  publisher={JSTOR}
}

@article{houshmand2018composable,
  title={Composable secure multi-client delegated quantum computation},
  author={Houshmand, Monireh and Houshmand, Mahboobeh and Tan, Si-Hui and Fitzsimons, Joseph},
  journal={arXiv preprint arXiv:1811.11929},
  year={2018}
}


@article{markham2018simple,
  title={A simple protocol for certifying graph states and applications in quantum networks},
  author={Markham, Damian and Krause, Alexandra},
  journal={arXiv preprint arXiv:1801.05057},
  year={2018}
}

@inproceedings{barnum2002authentication,
	Author = {Barnum, Howard and Cr{\'e}peau, Claude and Gottesman, Daniel and Smith, Adam and Tapp, Alain},
	Booktitle = {Foundations of Computer Science, 2002. Proceedings. The 43rd Annual IEEE Symposium on},
	Organization = {IEEE},
	Pages = {449--458},
	Title = {Authentication of quantum messages},
	Year = {2002}}

@article{childs2005secure,
	Author = {Childs, Andrew M},
	Journal = {Quantum Information \& Computation},
	Number = {6},
	Pages = {456--466},
	Publisher = {Rinton Press, Incorporated},
	Title = {Secure assisted quantum computation},
	Volume = {5},
	Year = {2005}}

@article{aharonov2008interactive,
	Author = {Aharonov, Dorit and Ben-Or, Michael and Eban, Elad},
	Journal = {arXiv preprint arXiv:0810.5375},
	Title = {Interactive proofs for quantum computations},
	Year = {2008}}
	
	@article{aharonov2017interactive,
  title={Interactive proofs for quantum computations},
  author={Aharonov, Dorit and Ben-Or, Michael and Eban, Elad and Mahadev, Urmila},
  journal={arXiv preprint arXiv:1704.04487},
  year={2017}
}


@article{morimae2012blind,
	Author = {Morimae, Tomoyuki and Fujii, Keisuke},
	Journal = {Nature Communications},
	Pages = {1036},
	Publisher = {Nature Publishing Group},
	Title = {Blind topological measurement-based quantum computation},
	Volume = {3},
	Year = {2012}}


@article{reichardt2012classical,
	Author = {Reichardt, Ben W and Unger, Falk and Vazirani, Umesh},
	Journal = {arXiv preprint arXiv:1209.0448},
	Title = {A classical leash for a quantum system: Command of quantum systems via rigidity of CHSH games},
	Year = {2012}}

@book{aharonov2012quantum,
	Author = {Aharonov, Dorit and Vazirani, Umesh},
	Publisher = {June},
	Title = {Is quantum mechanics falsifiable? A computational perspective on the foundations of quantum mechanics},
	Year = {2012}}



@article{sueki2013ancilla,
	Author = {Sueki, Takahiro and Koshiba, Takeshi and Morimae, Tomoyuki},
	Journal = {Physical {R}eview A},
	Number = {6},
	Pages = {060301},
	Publisher = {APS},
	Title = {Ancilla-driven universal blind quantum computation},
	Volume = {87},
	Year = {2013}}

@article{morimae2013secure,
	Author = {Morimae, Tomoyuki and Fujii, Keisuke},
	Journal = {Physical {R}eview {L}etters},
	Number = {2},
	Pages = {020502},
	Publisher = {APS},
	Title = {Secure entanglement distillation for double-server blind quantum computation},
	Volume = {111},
	Year = {2013}}

@article{morimae2013composable,
  title={Composable security of measuring-Alice blind quantum computation},
  author={Morimae, Tomoyuki and Koshiba, Takeshi},
  journal={arXiv preprint arXiv:1306.2113},
  year={2013}
}


@article{morimae2014impossibility,
  title={Impossibility of perfectly-secure delegated quantum computing for classical client},
  author={Morimae, Tomoyuki and Koshiba, Takeshi},
  journal={arXiv preprint arXiv:1407.1636},
  year={2014}
}



@article{fisher2014quantum,
	Author = {Fisher, KAG and Broadbent, A and Shalm, LK and Yan, Z and Lavoie, J and Prevedel, R and Jennewein, T and Resch, KJ},
	Journal = {Nature Communications},
	Publisher = {Nature Publishing Group},
	Title = {Quantum computing on encrypted data},
	Volume = {5},
	Year = {2014}}

@article{chien2015fault,
	Author = {Chien, Chia-Hung and Meter, Rodney Van and Kuo, Sy-Yen},
	Journal = {ACM Journal on Emerging Technologies in Computing Systems (JETC)},
	Number = {1},
	Pages = {9},
	Publisher = {ACM},
	Title = {Fault-tolerant operations for universal blind quantum computation},
	Volume = {12},
	Year = {2015}}

@article{hajdusek2015device,
	Author = {Hajdu{\v{s}}ek, Michal and P{\'e}rez-Delgado, Carlos A and Fitzsimons, Joseph F},
	Journal = {arXiv preprint \\ arXiv:1502.02563},
	Title = {Device-independent verifiable blind quantum computation},
	Year = {2015}}


@article{hayashi2015verifiable,
	Author = {Hayashi, Masahito and Morimae, Tomoyuki},
	Journal = {Physical {R}eview {L}etters},
	Number = {22},
	Pages = {220502},
	Publisher = {APS},
	Title = {Verifiable measurement-only blind quantum computing with stabilizer testing},
	Volume = {115},
	Year = {2015}}

@article{vsupic2016self,
	Author = {{\v{S}}upi{\'c}, Ivan and Hoban, Matty J},
	Journal = {arXiv preprint arXiv:1601.01552},
	Title = {Self-testing through EPR-steering},
	Year = {2016}}


@article{honda2016publicly,
	Author = {Honda, Kentaro},
	Journal = {arXiv preprint arXiv:1604.00116},
	Title = {Publicly Verifiable Blind Quantum Computation},
	Year = {2016}}

@inproceedings{fitzsimons2015multiprover,
	Author = {Fitzsimons, Joseph and Vidick, Thomas},
	Booktitle = {Proceedings of the 2015 Conference on Innovations in Theoretical Computer Science},
	Organization = {ACM},
	Pages = {103--112},
	Title = {A multiprover interactive proof system for the local Hamiltonian problem},
	Year = {2015}}

@article{ji2015classical,
	Author = {Ji, Zhengfeng},
	Journal = {arXiv preprint arXiv:1505.07432},
	Title = {Classical verification of quantum proofs},
	Year = {2015}}

@article{fitzsimons2015post,
	Author = {Fitzsimons, Joseph F and Hajdu{\v{s}}ek, Michal},
	Journal = {arXiv preprint arXiv:1512.04375},
	Title = {Post hoc verification of quantum computation},
	Year = {2015}}

@article{natarajan2015constant,
	Author = {Natarajan, Anand and Vidick, Thomas},
	Journal = {arXiv preprint arXiv:1512.02090},
	Title = {Constant-Soundness Interactive Proofs for Local Hamiltonians},
	Year = {2015}}

@article{morimae2016post,
	Author = {Morimae, Tomoyuki and Fitzsimons, Joseph F},
	Journal = {arXiv preprint arXiv:1603.06046},
	Title = {Post hoc verification with a single prover},
	Year = {2016}}

@article{morimae2015qma,
	Author = {Morimae, Tomoyuki and Hayashi, Masahito and Nishimura, Harumichi and Fujii, Keisuke},
	Journal = {arXiv preprint arXiv:1506.06447},
	Title = {Quantum merlin-arthur with clifford arthur},
	Year = {2015}}

@article{morimae2015quantum,
	Author = {Morimae, Tomoyuki and Nagaj, Daniel and Schuch, Norbert},
	Journal = {arXiv preprint arXiv:1510.06789},
	Title = {Quantum proofs can be verified using only single qubit measurements},
	Year = {2015}}

@article{colbeck2009quantum,
	Author = {Colbeck, Roger},
	Journal = {arXiv preprint arXiv:0911.3814},
	Title = {Quantum and relativistic protocols for secure multi-party computation},
	Year = {2009}}

@article{greganti2016demonstration,
  title={Demonstration of measurement-only blind quantum computing},
  author={Greganti, Chiara and Roehsner, Marie-Christine and Barz, Stefanie and Morimae, Tomoyuki and Walther, Philip},
  journal={New Journal of Physics},
  volume={18},
  number={1},
  pages={013020},
  year={2016},
  publisher={IOP Publishing}
}
@article{raussendorf2007fault,
  title={Fault-tolerant quantum computation with high threshold in two dimensions},
  author={Raussendorf, Robert and Harrington, Jim},
  journal={Physical {R}eview {L}etters},
  volume={98},
  number={19},
  pages={190504},
  year={2007},
  publisher={APS}
}

@article{takeuchi2016blind,
  title={Blind quantum computation over a collective-noise channel},
  author={Takeuchi, Yuki and Fujii, Keisuke and Ikuta, Rikizo and Yamamoto, Takashi and Imoto, Nobuyuki},
  journal={Physical {R}eview A},
  volume={93},
  number={5},
  pages={052307},
  year={2016},
  publisher={APS}
}


@article{broadbent2015delegating,
  title={Delegating private quantum computations},
  author={Broadbent, Anne},
  journal={Canadian Journal of Physics},
  volume={93},
  number={9},
  pages={941--946},
  year={2015},
  publisher={NRC Research Press}
}

@article{preskill2018quantum,
  title={Quantum Computing in the NISQ era and beyond},
  author={Preskill, John},
  journal={arXiv preprint arXiv:1801.00862},
  year={2018}
}

@article{ballance2016high,
  title={High-fidelity quantum logic gates using trapped-ion hyperfine qubits},
  author={Ballance, CJ and Harty, TP and Linke, NM and Sepiol, MA and Lucas, DM},
  journal={Physical {R}eview {L}etters},
  volume={117},
  number={6},
  pages={060504},
  year={2016},
  publisher={APS}
}

@article{barends2014superconducting,
  title={Superconducting quantum circuits at the surface code threshold for fault tolerance},
  author={Barends, Rami and Kelly, Julian and Megrant, Anthony and Veitia, Andrzej and Sank, Daniel and Jeffrey, Evan and White, Ted C and Mutus, Josh and Fowler, Austin G and Campbell, Brooks and others},
  journal={Nature},
  volume={508},
  number={7497},
  pages={500},
  year={2014},
  publisher={Nature Publishing Group}
}

@article{alsina2016experimental,
  title={Experimental test of Mermin inequalities on a five-qubit quantum computer},
  author={Alsina, Daniel and Latorre, Jos{\'e} Ignacio},
  journal={Physical {R}eview A},
  volume={94},
  number={1},
  pages={012314},
  year={2016},
  publisher={APS}
}
@article{devitt2016performing,
  title={Performing quantum computing experiments in the cloud},
  author={Devitt, Simon J},
  journal={Physical {R}eview A},
  volume={94},
  number={3},
  pages={032329},
  year={2016},
  publisher={APS}
}

@article{wang201816,
  title={16-qubit IBM universal quantum computer can be fully entangled},
  author={Wang, Yuanhao and Li, Ying and Yin, Zhang-qi and Zeng, Bei},
  journal={arXiv preprint arXiv:1801.03782},
  year={2018}
}




@incollection{unruh2010universally,
	Author = {Unruh, Dominique},
	Booktitle = {Advances in Cryptology--EUROCRYPT 2010},
	Pages = {486--505},
	Publisher = {Springer},
	Title = {Universally composable quantum multi-party computation},
	Year = {2010}}

@inproceedings{ben2006secure,
	Author = {Ben-Or, Michael and Cr{\'e}peau, Claude and Gottesman, Daniel and Hassidim, Avinatan and Smith, Adam},
	Booktitle = {Foundations of Computer Science, 2006. FOCS'06. 47th Annual IEEE Symposium on},
	Organization = {IEEE},
	Pages = {249--260},
	Title = {Secure multiparty quantum computation with (only) a strict honest majority},
	Year = {2006}}

@article{raussendorf2006fault,
  title={A fault-tolerant one-way quantum computer},
  author={Raussendorf, Robert and Harrington, Jim and Goyal, Kovid},
  journal={Annals of {P}hysics},
  volume={321},
  number={9},
  pages={2242--2270},
  year={2006},
  publisher={Elsevier}
}
@article{raussendorf2007topological,
  title={Topological fault-tolerance in cluster state quantum computation},
  author={Raussendorf, Robert and Harrington, Jim and Goyal, Kovid},
  journal={New Journal of Physics},
  volume={9},
  number={6},
  pages={199},
  year={2007},
  publisher={IOP Publishing}
}

@article{zhang2018verifiable,
	Author = {Zhang, Xiaoqian and Weng, Jian and Luo, Weiqi and Tan, Xiaoqing},
	Journal = {arXiv preprint arXiv:1801.03090},
	Title = {Verifiable Blind Quantum Computation based on measurement},
	Year = {2018}}

@article{morimae2018blind,
	Author = {Morimae, Tomoyuki},
	Journal = {arXiv preprint arXiv:1803.06624},
	Title = {Blind quantum computing can always be made verifiable},
	Year = {2018}}

@article{tran2018blind,
	Author = {Tran, Minh Cong and Taylor, Jacob M},
	Journal = {arXiv preprint arXiv:1801.04006},
	Title = {Blind quantum computation using the central spin Hamiltonian},
	Year = {2018}}

@article{li2018blind,
	Author = {Li, Qin and Li, Zhulin and Chan, Wai Hong and Zhang, Shengyu and Liu, Chengdong},
	Journal = {Physics {L}etters A},
	Number = {14},
	Pages = {938--941},
	Publisher = {Elsevier},
	Title = {Blind quantum computation with identity authentication},
	Volume = {382},
	Year = {2018}}

@article{zhang2018single,
	Author = {Zhang, Xiaoqian and Weng, Jian and Li, Xiaochun and Luo, Weiqi and Tan, Xiaoqing and Song, Tingting},
	Journal = {Quantum Information Processing},
	Pages = {1--18},
	Publisher = {Springer},
	Title = {Single-server blind quantum computation with quantum circuit model},
	Volume = {17},
	Year = {2018}}

@article{fitzsimons2018post,
	Author = {Fitzsimons, Joseph F and Hajdu{\v{s}}ek, Michal and Morimae, Tomoyuki},
	Journal = {Physical {R}eview {L}etters},
	Number = {4},
	Pages = {040501},
	Publisher = {APS},
	Title = {Post hoc verification of quantum computation},
	Volume = {120},
	Year = {2018}}

@article{sun2018application,
	Author = {Sun, Zhiyuan and Li, Qin and Yu, Fang and Chan, Wai Hong},
	Journal = {International Journal of Theoretical Physics},
	Number = {6},
	Pages = {1864--1871},
	Publisher = {Springer},
	Title = {Application of Blind Quantum Computation to Two-Party Quantum Computation},
	Volume = {57},
	Year = {2018}}

@article{zhao2018finite,
	Author = {Zhao, Qiang and Li, Qiong},
	Journal = {Quantum Information Processing},
	Number = {7},
	Pages = {171},
	Publisher = {Springer},
	Title = {Finite-data-size study on practical universal blind quantum computation},
	Volume = {17},
	Year = {2018}}

@article{xiao2018multi,
	Author = {Xiao, Min and Liu, Lin and Song, Xiuli},
	Journal = {Quantum Information Processing},
	Number = {3},
	Pages = {63},
	Publisher = {Springer},
	Title = {Multi-server blind quantum computation over collective-noise channels},
	Volume = {17},
	Year = {2018}}

@article{shi2018arbitrated,
	Author = {Shi, Ronghua and Ding, Wanting and Shi, Jinjing},
	Journal = {International Journal of Theoretical Physics},
	Pages = {1--13},
	Publisher = {Springer},
	Title = {Arbitrated Quantum Signature with Hamiltonian Algorithm Based on Blind Quantum Computation},
	Year = {2018}}

@article{gheorghiu2018keeping,
	Author = {Gheorghiu, Alexandru and Kashefi, Elham},
	Journal = {ERCIM NEWS},
	Number = {112},
	Pages = {11--12},
	Publisher = {EUROPEAN RESEARCH CONSORTIUM INFORMATICS \& MATHEMATICS 2004, ROUTE LUCIOLES, BP 93, SOPHIA ANTIPOLIS CEDEX, 06902, FRANCE},
	Title = {Keeping Quantum Computers Honest (or Verification of Quantum Computing)},
	Year = {2018}}

@article{hayashi2018self,
	Author = {Hayashi, Masahito and Hajdu{\v{s}}ek, Michal},
	Journal = {Physical {R}eview A},
	Number = {5},
	Pages = {052308},
	Publisher = {APS},
	Title = {Self-guaranteed measurement-based quantum computation},
	Volume = {97},
	Year = {2018}}

@article{gheorghiu2018simple,
	Author = {Gheorghiu, Alexandru and Hoban, Matty J and Kashefi, Elham},
	Journal = {arXiv preprint arXiv:1804.06105},
	Title = {A simple protocol for fault tolerant verification of quantum computation},
	Year = {2018}}

@article{liu2018client,
	Author = {Liu, Nana and Demarie, Tommaso F and Tan, Si-Hui and Aolita, Leandro and Fitzsimons, Joseph F},
	Journal = {arXiv preprint arXiv:1806.09137},
	Title = {Client-friendly continuous-variable blind and verifiable quantum computing},
	Year = {2018}}

@article{zeuner2018experimental,
	Author = {Zeuner, Jonas and Pitsios, Ioannis and Tan, Si-Hui and Sharma, Aditya N and Fitzsimons, Joseph F and Osellame, Roberto and Walther, Philip},
	Journal = {arXiv preprint arXiv:1803.10246},
	Title = {Experimental Quantum Homomorphic Encryption},
	Year = {2018}}



@inproceedings{naveh2018theoretical,
	Author = {Naveh, Yehuda and Kashefi, Elham and Wootton, James R and Bertels, Koen},
	Booktitle = {Design, Automation \& Test in Europe Conference \& Exhibition (DATE), 2018},
	Organization = {IEEE},
	Pages = {721--730},
	Title = {Theoretical and practical aspects of verification of quantum computers},
	Year = {2018}}

@article{gall2018interactive,
	Author = {Gall, Fran{\c{c}}ois Le and Morimae, Tomoyuki and Nishimura, Harumichi and Takeuchi, Yuki},
	Journal = {arXiv preprint arXiv:1805.03385},
	Title = {Interactive Proofs with Polynomial-Time Quantum Prover for Computing the Order of Solvable Groups},
	Year = {2018}}

@article{morimae2018rational,
	Author = {Morimae, Tomoyuki and Nishimura, Harumichi},
	Journal = {arXiv preprint arXiv:1804.08868},
	Title = {Rational proofs for quantum computing},
	Year = {2018}}

@article{takeuchi2018verification,
	Author = {Takeuchi, Yuki and Morimae, Tomoyuki},
	Journal = {Physical {R}eview X},
	Number = {2},
	Pages = {021060},
	Publisher = {APS},
	Title = {Verification of many-qubit states},
	Volume = {8},
	Year = {2018}}

@article{demarie2018classical,
	Author = {Demarie, Tommaso F and Ouyang, Yingkai and Fitzsimons, Joseph F},
	Journal = {Physical {R}eview A},
	Number = {4},
	Pages = {042319},
	Publisher = {APS},
	Title = {Classical verification of quantum circuits containing few basis changes},
	Volume = {97},
	Year = {2018}}

@article{tan2018practical,
	Author = {Tan, Si-Hui and Ouyang, Yingkai and Rohde, Peter P},
	Journal = {Physical {R}eview A},
	Number = {4},
	Pages = {042308},
	Publisher = {APS},
	Title = {Practical somewhat-secure quantum somewhat-homomorphic encryption with coherent states},
	Volume = {97},
	Year = {2018}}

@article{mahadev2018classical,
	Author = {Mahadev, Urmila},
	Journal = {arXiv preprint arXiv:1804.01082},
	Title = {Classical verification of quantum computations},
	Year = {2018}}

@article{cojocaru2018delegated,
	Author = {Cojocaru, Alexandru and Colisson, L{\'e}o and Kashefi, Elham and Wallden, Petros},
	Journal = {arXiv preprint arXiv:1802.08759},
	Title = {Delegated Pseudo-Secret Random Qubit Generator},
	Year = {2018}}

@article{brakerski2018certifiable,
	Author = {Brakerski, Zvika and Christiano, Paul and Mahadev, Urmila and Vazirani, Umesh and Vidick, Thomas},
	Journal = {arXiv preprint arXiv:1804.00640},
	Title = {Certifiable Randomness from a Single Quantum Device},
	Year = {2018}}

@article{zhu2018efficient,
	Author = {Zhu, Huangjun and Hayashi, Masahito},
	Journal = {arXiv preprint arXiv:1806.05565},
	Title = {Efficient verification of hypergraph states},
	Year = {2018}}

@article{fitzsimons2017unconditionally,
	Author = {Fitzsimons, Joseph F and Kashefi, Elham},
	Journal = {Physical {R}eview A},
	Number = {1},
	Pages = {012303},
	Publisher = {APS},
	Title = {Unconditionally verifiable blind quantum computation},
	Volume = {96},
	Year = {2017}}


@article{huang2017experimental,
	Author = {Huang, He-Liang and Zhao, Qi and Ma, Xiongfeng and Liu, Chang and Su, Zu-En and Wang, Xi-Lin and Li, Li and Liu, Nai-Le and Sanders, Barry C and Lu, Chao-Yang and others},
	Journal = {Physical {R}eview {L}etters},
	Number = {5},
	Pages = {050503},
	Publisher = {APS},
	Title = {Experimental blind quantum computing for a classical client},
	Volume = {119},
	Year = {2017}}

@article{huang2017universal,
	Author = {Huang, He-Liang and Bao, Wan-Su and Li, Tan and Li, Feng-Guang and Fu, Xiang-Qun and Zhang, Shuo and Zhang, Hai-Long and Wang, Xiang},
	Journal = {Quantum Information Processing},
	Number = {8},
	Pages = {199},
	Publisher = {Springer},
	Title = {Universal blind quantum computation for hybrid system},
	Volume = {16},
	Year = {2017}}

@article{fujii2017verifiable,
	Author = {Fujii, Keisuke and Hayashi, Masahito},
	Journal = {Physical {R}eview A},
	Number = {3},
	Pages = {030301},
	Publisher = {APS},
	Title = {Verifiable fault tolerance in measurement-based quantum computation},
	Volume = {96},
	Year = {2017}}

@article{gheorghiu2017rigidity,
	Author = {Gheorghiu, Alexandru and Wallden, Petros and Kashefi, Elham},
	Journal = {New Journal of Physics},
	Number = {2},
	Pages = {023043},
	Publisher = {IOP Publishing},
	Title = {Rigidity of quantum steering and one-sided device-independent verifiable quantum computation},
	Volume = {19},
	Year = {2017}}

@article{aaronson2017implausibility,
	Author = {Aaronson, Scott and Cojocaru, Alexandru and Gheorghiu, Alexandru and Kashefi, Elham},
	Journal = {arXiv preprint arXiv:1704.08482},
	Title = {On the implausibility of classical client blind quantum computing},
	Year = {2017}}



@article{kashefi2017optimised,
	Author = {Kashefi, Elham and Wallden, Petros},
	Journal = {Journal of Physics A: Mathematical and Theoretical},
	Number = {14},
	Pages = {145306},
	Publisher = {IOP Publishing},
	Title = {Optimised resource construction for verifiable quantum computation},
	Volume = {50},
	Year = {2017}}

@article{fitzsimons2017private,
	Author = {Fitzsimons, Joseph F},
	Journal = {npj Quantum Information},
	Number = {1},
	Pages = {23},
	Publisher = {Nature Publishing Group},
	Title = {Private quantum computation: an introduction to blind quantum computing and related protocols},
	Volume = {3},
	Year = {2017}}


@article{morimae2017verification,
	Author = {Morimae, Tomoyuki and Takeuchi, Yuki and Hayashi, Masahito},
	Journal = {Physical {R}eview A},
	Number = {6},
	Pages = {062321},
	Publisher = {APS},
	Title = {Verification of hypergraph states},
	Volume = {96},
	Year = {2017}}

@article{coladangelo2017verifier,
	Author = {Coladangelo, Andrea and Grilo, Alex and Jeffery, Stacey and Vidick, Thomas},
	Journal = {arXiv preprint arXiv:1708.07359},
	Title = {Verifier-on-a-Leash: new schemes for verifiable delegated quantum computation, with quasilinear resources},
	Year = {2017}}

@article{qiang2017quantum,
	Author = {Qiang, Xiaogang and Zhou, Xiaoqi and Aungskunsiri, Kanin and Cable, Hugo and O?Brien, Jeremy L},
	Journal = {Quantum Science and Technology},
	Number = {4},
	Pages = {045002},
	Publisher = {IOP Publishing},
	Title = {Quantum processing by remote quantum control},
	Volume = {2},
	Year = {2017}}

@article{mahadev2017classical,
	Author = {Mahadev, Urmila},
	Journal = {arXiv preprint arXiv:1708.02130},
	Title = {Classical homomorphic encryption for quantum circuits},
	Year = {2017}}

@incollection{zhao2017blind,
	Author = {Zhao, Qiang and Li, Qiong},
	Booktitle = {Advances in Intelligent Information Hiding and Multimedia Signal Processing},
	Pages = {155--162},
	Publisher = {Springer},
	Title = {Blind Quantum Computation with Two Decoy States},
	Year = {2017}}

@article{disilvestro2017quantum,
	Author = {Disilvestro, Leonardo and Markham, Damian},
	Journal = {Physical {R}eview A},
	Number = {5},
	Pages = {052324},
	Publisher = {APS},
	Title = {Quantum protocols within Spekkens' toy model},
	Volume = {95},
	Year = {2017}}

@article{kapourniotis2017nonadaptive,
	Author = {Kapourniotis, Theodoros and Datta, Animesh},
	Journal = {arXiv preprint arXiv:1703.09568},
	Title = {Nonadaptive fault-tolerant verification of quantum supremacy with noise},
	Year = {2017}}

@article{kashefi2017quantum,
	Author = {Kashefi, Elham and Music, Luka and Wallden, Petros},
	Journal = {arXiv preprint arXiv:1703.03754},
	Title = {The Quantum Cut-and-Choose Technique and Quantum Two-Party Computation},
	Year = {2017}}

@article{tan2017verifiable,
	Author = {Tan, Xiaoqing and Zhang, Xiaoqian and Song, Tingting},
	Journal = {Computer Standards \& Interfaces},
	Pages = {36--40},
	Publisher = {Elsevier},
	Title = {Verifiable delegated quantum computation with $\chi$-type entangled states},
	Volume = {54},
	Year = {2017}}

@article{diamanti2017best,
	Author = {Diamanti, Eleni and Kashefi, Elham},
	Journal = {Nature {P}hysics},
	Number = {1},
	Pages = {3},
	Publisher = {Nature Publishing Group},
	Title = {Best of both worlds},
	Volume = {13},
	Year = {2017}}

@article{ouyang2017computing,
	Author = {Ouyang, Yingkai and Tan, Si-Hui and Zhao, Liming and Fitzsimons, Joseph F},
	Journal = {Physical {R}eview A},
	Number = {5},
	Pages = {052333},
	Publisher = {APS},
	Title = {Computing on quantum shared secrets},
	Volume = {96},
	Year = {2017}}

@article{grilo2017relativistic,
	Author = {Grilo, Alex B},
	Journal = {arXiv preprint arXiv:1711.09585},
	Title = {Relativistic verifiable delegation of quantum computation},
	Year = {2017}}

@inproceedings{alagic2017quantum,
	Author = {Alagic, Gorjan and Dulek, Yfke and Schaffner, Christian and Speelman, Florian},
	Booktitle = {International Conference on the Theory and Application of Cryptology and Information Security},
	Organization = {Springer},
	Pages = {438--467},
	Title = {Quantum fully homomorphic encryption with verification},
	Year = {2017}}

@article{kashefi2017multiparty,
	Author = {Kashefi, Elham and Pappa, Anna},
	Journal = {Cryptography},
	Number = {2},
	Pages = {12},
	Publisher = {Multidisciplinary Digital Publishing Institute},
	Title = {Multiparty Delegated Quantum Computing},
	Volume = {1},
	Year = {2017}}

@inproceedings{natarajan2017quantum,
	Author = {Natarajan, Anand and Vidick, Thomas},
	Booktitle = {Proceedings of the 49th Annual ACM SIGACT Symposium on Theory of Computing},
	Organization = {ACM},
	Pages = {1003--1015},
	Title = {A quantum linearity test for robustly verifying entanglement},
	Year = {2017}}

@article{sun2017efficient,
	Author = {Sun, Xiaoqiang and Wang, Ting and Sun, Zhiwei and Wang, Ping and Yu, Jianping and Xie, Weixin},
	Journal = {International Journal of Theoretical Physics},
	Number = {4},
	Pages = {1335--1345},
	Publisher = {Springer},
	Title = {An efficient quantum somewhat homomorphic symmetric searchable encryption},
	Volume = {56},
	Year = {2017}}

@article{ferracin2017trap,
	Author = {Ferracin, Samuele and Kapourniotis, Theodoros and Datta, Animesh},
	Journal = {arXiv preprint arXiv:1709.10050},
	Title = {A trap based technique for verification of quantum computations},
	Year = {2017}}

@article{li2017blind,
	Author = {Li, Wei and Shi, Ronghua and Guo, Ying},
	Journal = {International Journal of Theoretical Physics},
	Number = {4},
	Pages = {1108--1115},
	Publisher = {Springer},
	Title = {Blind Quantum Signature with Blind Quantum Computation},
	Volume = {56},
	Year = {2017}}

@inproceedings{gheorghiu2017verification,
	Author = {Gheorghiu, Alexandru and Kapourniotis, Theodoros and Kashefi, Elham},
	Booktitle = {International Computer Science Symposium in Russia},
	Organization = {Springer},
	Pages = {15--19},
	Title = {Verification of quantum computation and the price of trust},
	Year = {2017}}

@inproceedings{disilvestro2017universal,
	Author = {Disilvestro, Leonardo and Kapourniotis, Theodoros and Kashefi, Elham and Markham, Damian},
	Booktitle = {Quantum Information and Measurement},
	Organization = {Optical Society of America},
	Pages = {QT6A--33},
	Title = {Universal blind quantum computation via Pauli eigenstates},
	Year = {2017}}

@article{zhang2017blind2,
	Author = {Zhang, Xiaoqian and Weng, Jian and Luo, Weiqi and Tan, Xiaoqing},
	Date-Modified = {2018-08-06 19:53:09 +0800},
	Journal = {arXiv preprint arXiv:1712.08021},
	Title = {Blind quantum computation for quantum Fourier transform on Bell states},
	Year = {2017}}

@article{tan2017universal,
	Author = {Tan, Xiaoqing and Zhou, Xu},
	Journal = {Annals of Telecommunications},
	Number = {9-10},
	Pages = {589--595},
	Publisher = {Springer},
	Title = {Universal half-blind quantum computation},
	Volume = {72},
	Year = {2017}}

@article{zhang2017greenberger,
	Author = {Zhang, Xiaoqian and Weng, Jian and Lu, Wei and Li, Xiaochun and Luo, Weiqi and Tan, Xiaoqing},
	Journal = {Scientific {R}eports},
	Number = {1},
	Pages = {11104},
	Publisher = {Nature Publishing Group},
	Title = {Greenberger-Horne-Zeilinger states-based blind quantum computation with entanglement concentration},
	Volume = {7},
	Year = {2017}}

@article{sato2017arbitrable,
	Author = {Sato, Go and Koshiba, Takeshi and Morimae, Tomoyuki},
	Journal = {arXiv preprint arXiv:1709.10420},
	Title = {Arbitrable Blind Quantum Computation},
	Year = {2017}}

@article{zhang2017blind,
	Author = {Zhang, Xiaoqian and Weng, Jian and Luo, Weiqi and Tan, Xiaoqing},
	Journal = {arXiv preprint arXiv:1801.00080},
	Title = {Blind quantum computation for QFT on multi-qubit states},
	Year = {2017}}

@article{jozsa2017efficient,
	Author = {Jozsa, Richard and Strelchuk, Sergii},
	Journal = {arXiv preprint arXiv:1705.02817},
	Title = {Efficient classical verification of quantum computations},
	Year = {2017}}

@article{zhou2017quantum,
	Author = {Zhou, Qing and Lu, Songfeng},
	Journal = {arXiv preprint arXiv:1711.10066},
	Title = {Quantum Search on Encrypted Data Based on Quantum Homomorphic Encryption},
	Year = {2017}}

@article{mckague2017self,
	Author = {McKague, Matthew},
	Journal = {Quantum},
	Pages = {1},
	Publisher = {Verein zur F{\"o}rderung des Open Access Publizierens in den Quantenwissenschaften},
	Title = {Self-testing in parallel with CHSH},
	Volume = {1},
	Year = {2017}
	}
	
	@article{mckague2013interactive,
  title={Interactive proofs for BQP via self-tested graph states},
  author={McKague, Matthew},
  journal={arXiv preprint arXiv:1309.5675},
  year={2013}
}

@article{preskill1998lecture,
  title={Lecture notes for physics 229: Quantum information and computation},
  author={Preskill, John},
  journal={California Institute of Technology},
  volume={16},
  year={1998}
}

	@inproceedings{maurer2011abstract,
  title={Abstract cryptography},
  author={Maurer, Ueli and Renner, Renato},
  booktitle={In Innovations in Computer Science},
  year={2011},
  organization={Citeseer}
}
@misc{IBM2016,
	Date-Added = {2016-05-20 06:30:34 +0000},
	Date-Modified = {2016-05-20 06:33:40 +0000},
	Title = {``IBM Quantum Experience",  \url{http://www.research.ibm.com/quantum/}},
	Year = {2016}}

@misc{Rigetti2017,
	Title = {``Quantum Cloud Services",\url{https://www.rigetti.com/qcs} },
	Year = {2016}}	


@misc{ wiki:cloud,
    author = "{Wikipedia contributors}",
    title = "Cloud-based quantum computing --- {Wikipedia}{,} The Free Encyclopedia",
    year = "2018",
    howpublished = "\url{https://en.wikipedia.org/w/index.php?title=Cloud-based_quantum_computing&oldid=868998377}",
    note = "[Online; accessed 19-November-2018]"
  }

@article{clementi2017classical,
  title={Classical multiparty computation using quantum resources},
  author={Clementi, Marco and Pappa, Anna and Eckstein, Andreas and Walmsley, Ian A and Kashefi, Elham and Barz, Stefanie},
  journal={Physical {R}eview A},
  volume={96},
  number={6},
  pages={062317},
  year={2017},
  publisher={APS}
}
@article{portmann2014cryptographic,
  title={Cryptographic security of quantum key distribution},
  author={Portmann, Christopher and Renner, Renato},
  journal={arXiv preprint arXiv:1409.3525},
  year={2014}
}
	


@inproceedings{yao1982protocols,
  title={Protocols for secure computations},
  author={Yao, Andrew C},
  booktitle={Foundations of Computer Science, 1982. SFCS'08. 23rd Annual Symposium on},
  pages={160--164},
  year={1982},
  organization={IEEE}
}

@inproceedings{goldreich1987play,
  title={How to play any mental game},
  author={Goldreich, Oded and Micali, Silvio and Wigderson, Avi},
  booktitle={Proceedings of the nineteenth annual ACM symposium on Theory of computing},
  pages={218--229},
  year={1987},
  organization={ACM}
}


@inproceedings{ben1988completeness,
  title={Completeness theorems for non-cryptographic fault-tolerant distributed computation},
  author={Ben-Or, Michael and Goldwasser, Shafi and Wigderson, Avi},
  booktitle={Proceedings of the twentieth annual ACM symposium on Theory of computing},
  pages={1--10},
  year={1988},
  organization={ACM}
}

@inproceedings{chaum1988multiparty,
  title={Multiparty unconditionally secure protocols},
  author={Chaum, David and Cr{\'e}peau, Claude and Damgard, Ivan},
  booktitle={Proceedings of the twentieth annual ACM symposium on Theory of computing},
  pages={11--19},
  year={1988},
  organization={ACM}
}

@InCollection{Buhrman2003,
  author    = {Buhrman, Harry and R{\"o}hrig, Hein},
  title     = {Distributed quantum computing},
  booktitle = {Mathematical Foundations of Computer Science 2003},
  publisher = {Springer},
  year      = {2003},
  pages     = {1--20},
}


@article{kent1999unconditionally,
  title={Unconditionally secure bit commitment},
  author={Kent, Adrian},
  journal={Physical {R}eview {L}etters},
  volume={83},
  number={7},
  pages={1447},
  year={1999},
  publisher={APS}
}

@article{kent2012unconditionally,
  title={Unconditionally secure bit commitment by transmitting measurement outcomes},
  author={Kent, Adrian},
  journal={Physical {R}eview {L}etters},
  volume={109},
  number={13},
  pages={130501},
  year={2012},
  publisher={APS}
}


@article{raussendorf2001one,
  title={A one-way quantum computer},
  author={Raussendorf, Robert and Briegel, Hans J},
  journal={Physical {R}eview {L}etters},
  volume={86},
  number={22},
  pages={5188},
  year={2001},
  publisher={APS}
}


@article{raussendorf2003measurement,
  title={Measurement-based quantum computation on cluster states},
  author={Raussendorf, Robert and Browne, Daniel E and Briegel, Hans J},
  journal={Physical {R}eview A},
  volume={68},
  number={2},
  pages={022312},
  year={2003},
  publisher={APS}
}




@article{browne2006one,
  title={One-way quantum computation-a tutorial introduction},
  author={Browne, Dan E and Briegel, Hans J},
  journal={arXiv preprint quant-ph/0603226},
  year={2006}
}





@article{morimae2010ground,
  title={Ground state blind quantum computation on AKLT state},
  author={Morimae, Tomoyuki and Dunjko, Vedran and Kashefi, Elham},
  journal={arXiv preprint arXiv:1009.3486},
  year={2010}
}


@article{fitzsimons2012unconditionally,
  title={Unconditionally verifiable blind quantum computation},
  author={Fitzsimons, Joseph F and Kashefi, Elham},
  journal={Physical {R}eview A},
  volume={96},
  number={1},
  pages={012303},
  year={2017},
  publisher={APS}
}


@article{dunjko2012blind,
  title={Blind quantum computing with weak coherent pulses},
  author={Dunjko, Vedran and Kashefi, Elham and Leverrier, Anthony},
  journal={Physical {R}eview {L}etters},
  volume={108},
  number={20},
  pages={200502},
  year={2012},
  publisher={APS}
}


@article{morimae2012continuous,
  title={Continuous-variable blind quantum computation},
  author={Morimae, Tomoyuki},
  journal={Physical {R}eview {L}etters},
  volume={109},
  number={23},
  pages={230502},
  year={2012},
  publisher={APS}
}

@Book{Aharonov2012,
  title     = {Is quantum mechanics falsifiable? A computational perspective on the foundations of quantum mechanics},
  publisher = {June},
  year      = {2012},
  author    = {Aharonov, Dorit and Vazirani, Umesh},
}


@article{reichardt2013classical,
  title={Classical command of quantum systems},
  author={Reichardt, Ben W and Unger, Falk and Vazirani, Umesh},
  journal={Nature},
  volume={496},
  number={7446},
  pages={456--460},
  year={2013},
  publisher={Nature Publishing Group}
}



@article{barz2013experimental,
  title={Experimental verification of quantum computation},
  author={Barz, Stefanie and Fitzsimons, Joseph F and Kashefi, Elham and Walther, Philip},
  journal={Nature {P}hysics},
  volume={9},
  number={11},
  pages={727--731},
  year={2013},
  publisher={Nature Publishing Group}
}


@article{giovannetti2013efficient,
  title={Efficient universal blind quantum computation},
  author={Giovannetti, Vittorio and Maccone, Lorenzo and Morimae, Tomoyuki and Rudolph, Terry G},
  journal={Physical {R}eview {L}etters},
  volume={111},
  number={23},
  pages={230501},
  year={2013},
  publisher={APS}
}

@Article{Sueki2013,
  author    = {Sueki, Takahiro and Koshiba, Takeshi and Morimae, Tomoyuki},
  title     = {Ancilla-driven universal blind quantum computation},
  journal   = {Physical {R}eview A},
  year      = {2013},
  volume    = {87},
  number    = {6},
  pages     = {060301},
  publisher = {APS},
}

@Article{Morimae2013,
  author    = {Morimae, Tomoyuki and Fujii, Keisuke},
  title     = {Secure entanglement distillation for double-server blind quantum computation},
  journal   = {Physical {R}eview {L}etters},
  year      = {2013},
  volume    = {111},
  number    = {2},
  pages     = {020502},
  publisher = {APS},
}

@Article{Fisher2014,
  author    = {Fisher, KAG and Broadbent, A and Shalm, LK and Yan, Z and Lavoie, J and Prevedel, R and Jennewein, T and Resch, KJ},
  title     = {Quantum computing on encrypted data},
  journal   = {Nature Communications},
  year      = {2014},
  volume    = {5},
  publisher = {Nature Publishing Group},
}

@article{morimae2014verification,
  title={Verification for measurement-only blind quantum computing},
  author={Morimae, Tomoyuki},
  journal={Physical {R}eview A},
  volume={89},
  number={6},
  pages={060302},
  year={2014},
  publisher={APS}
}

@Article{Chien2015,
  author    = {Chien, Chia-Hung and Meter, Rodney Van and Kuo, Sy-Yen},
  title     = {Fault-tolerant operations for universal blind quantum computation},
  journal   = {ACM Journal on Emerging Technologies in Computing Systems (JETC)},
  year      = {2015},
  volume    = {12},
  number    = {1},
  pages     = {9},
  publisher = {ACM},
}

@article{hajduvsek2015device,
  title={Device-independent verifiable blind quantum computation},
  author={Hajdu{\v{s}}ek, Michal and P{\'e}rez-Delgado, Carlos A and Fitzsimons, Joseph F},
  journal={arXiv preprint arXiv:1502.02563},
  year={2015}
}

@article{gheorghiu2015robustness,
  title={Robustness and device independence of verifiable blind quantum computing},
  author={Gheorghiu, Alexandru and Kashefi, Elham and Wallden, Petros},
  journal={New Journal of Physics},
  volume={17},
  number={8},
  pages={083040},
  year={2015},
  publisher={IOP Publishing}
}

@article{gheorghiu2015rigidity,
  title={Rigidity of quantum steering and one-sided device-independent verifiable quantum computation},
  author={Gheorghiu, Alexandru and Wallden, Petros and Kashefi, Elham},
  journal={arXiv preprint arXiv:1512.07401},
  year={2015}
}


@article{perez2015iterated,
  title={Iterated Gate Teleportation and Blind Quantum Computation},
  author={P{\'e}rez-Delgado, Carlos A and Fitzsimons, Joseph F},
  journal={Physical {R}eview {L}etters},
  volume={114},
  number={22},
  pages={220502},
  year={2015},
  publisher={APS}
}



@article{hayashi2016self,
  title={Self-guaranteed measurement-based quantum computation},
  author={Hayashi, Masahito and Hajdusek, Michal},
  journal={arXiv preprint arXiv:1603.02195},
  year={2016}
}

@article{broadbent2015verify,
  title={How to verify a quantum computation},
  author={Broadbent, Anne},
  journal={arXiv preprint arXiv:1509.09180},
  year={2015}
}

@Article{Supic2016,
  author  = {{\v{S}}upi{\'c}, Ivan and Hoban, Matty J},
  title   = {Self-testing through EPR-steering},
  journal = {arXiv preprint arXiv:1601.01552},
  year    = {2016},
}

@article{dunjko2016blind,
  title={Blind quantum computing with two almost identical states},
  author={Dunjko, Vedran and Kashefi, Elham},
  journal={arXiv preprint arXiv:1604.01586},
  year={2016}
}

@Article{Honda2016,
  author  = {Honda, Kentaro},
  title   = {Publicly Verifiable Blind Quantum Computation},
  journal = {arXiv preprint arXiv:1604.00116},
  year    = {2016},
}

@article{fitzsimons2016private,
  title={Private quantum computation: An introduction to blind quantum computing and related protocols},
  author={Fitzsimons, Joseph F},
  journal={npj Quantum Information},
  volume={3},
  number={23},
  year={2017},
  publisher={Nature Publishing Group}
}

@InProceedings{Fitzsimons2015,
  author       = {Fitzsimons, Joseph and Vidick, Thomas},
  title        = {A multiprover interactive proof system for the local Hamiltonian problem},
  booktitle    = {Proceedings of the 2015 Conference on Innovations in Theoretical Computer Science},
  year         = {2015},
  pages        = {103--112},
  organization = {ACM},
}

@Article{Ji2015,
  author  = {Ji, Zhengfeng},
  title   = {Classical verification of quantum proofs},
  journal = {arXiv preprint arXiv:1505.07432},
  year    = {2015},
}

@Article{Fitzsimons2015a,
  author  = {Fitzsimons, Joseph F and Hajdu{\v{s}}ek, Michal},
  title   = {Post hoc verification of quantum computation},
  journal = {arXiv preprint arXiv:1512.04375},
  year    = {2015},
}

@Article{Natarajan2015,
  author  = {Natarajan, Anand and Vidick, Thomas},
  title   = {Constant-Soundness Interactive Proofs for Local Hamiltonians},
  journal = {arXiv preprint arXiv:1512.02090},
  year    = {2015},
}

@Article{Morimae2016,
  author  = {Morimae, Tomoyuki and Fitzsimons, Joseph F},
  title   = {Post hoc verification with a single prover},
  journal = {arXiv preprint arXiv:1603.06046},
  year    = {2016},
}

@Article{Morimae2015,
  author  = {Morimae, Tomoyuki and Hayashi, Masahito and Nishimura, Harumichi and Fujii, Keisuke},
  title   = {Quantum merlin-arthur with clifford arthur},
  journal = {arXiv preprint arXiv:1506.06447},
  year    = {2015},
}

@Article{Morimae2015a,
  author  = {Morimae, Tomoyuki and Nagaj, Daniel and Schuch, Norbert},
  title   = {Quantum proofs can be verified using only single qubit measurements},
  journal = {arXiv preprint arXiv:1510.06789},
  year    = {2015},
}

@article{roehsner2017quantum,
  title={Quantum advantage for probabilistic one-time programs},
  author={Roehsner, Marie-Christine and Kettlewell, Joshua A and Batalh{\~a}o, Tiago B and Fitzsimons, Joseph F and Walther, Philip},
  journal={arXiv preprint arXiv:1709.09724},
  year={2017}
}

@article{santha1986generating,
  title={Generating quasi-random sequences from semi-random sources},
  author={Santha, Miklos and Vazirani, Umesh V},
  journal={Journal of Computer and System Sciences},
  volume={33},
  number={1},
  pages={75--87},
  year={1986},
  publisher={Academic Press}
}

@article{chor1988unbiased,
  title={Unbiased bits from sources of weak randomness and probabilistic communication complexity},
  author={Chor, Benny and Goldreich, Oded},
  journal={SIAM Journal on Computing},
  volume={17},
  number={2},
  pages={230--261},
  year={1988},
  publisher={SIAM}
}

@article{kessler2017device,
  title={Device-independent randomness amplification and privatization},
  author={Kessler, Max and Arnon-Friedman, Rotem},
  journal={arXiv preprint arXiv:1705.04148},
  year={2017}
}

@inproceedings{mcinnes1990impossibility,
  title={On the impossibility of private key cryptography with weakly random keys},
  author={McInnes, James L and Pinkas, Benny},
  booktitle={Conference on the Theory and Application of Cryptography},
  pages={421--435},
  year={1990},
  organization={Springer}
}


@article{smith2001multi,
  title={Multi-party quantum computation},
  author={Smith, Adam},
  journal={arXiv preprint quant-ph/0111030},
  year={2001}
  }
  
@inproceedings{crepeau2002secure,
  title={Secure multi-party quantum computation},
  author={Cr{\'e}peau, Claude and Gottesman, Daniel and Smith, Adam},
  booktitle={Proceedings of the thiry-fourth annual ACM symposium on Theory of computing},
  pages={643--652},
  year={2002},
  organization={ACM}
}

@Article{Colbeck2009,
  author  = {Colbeck, Roger},
  title   = {Quantum and relativistic protocols for secure multi-party computation},
  journal = {arXiv preprint arXiv:0911.3814},
  year    = {2009},
}

@InCollection{Unruh2010,
  author    = {Unruh, Dominique},
  title     = {Universally composable quantum multi-party computation},
  booktitle = {Advances in Cryptology--EUROCRYPT 2010},
  publisher = {Springer},
  year      = {2010},
  pages     = {486--505},
}

@InProceedings{Ben-Or2006,
  author       = {Ben-Or, Michael and Cr{\'e}peau, Claude and Gottesman, Daniel and Hassidim, Avinatan and Smith, Adam},
  title        = {Secure multiparty quantum computation with (only) a strict honest majority},
  booktitle    = {Foundations of Computer Science, 2006. FOCS'06. 47th Annual IEEE Symposium on},
  year         = {2006},
  pages        = {249--260},
  organization = {IEEE},
}

@article{kashefi2016blind,
  title={Blind Multiparty Quantum Computing},
  author={Kashefi, Elham and Pappa, Anna},
  journal={arXiv preprint arXiv:1606.09200},
  year={2016}
}


@ARTICLE{kashefi2016garbled,
   author = {{Kashefi}, E. and {Wallden}, P.},
    title = "{Garbled Quantum Computation}",
  journal = {ArXiv e-prints},
archivePrefix = "arXiv",
   eprint = {1606.06931},
 primaryClass = "quant-ph",
 keywords = {Quantum Physics, Computer Science - Cryptography and Security},
     year = 2016,
    month = jun,
  adsnote = {Provided by the SAO/NASA Astrophysics Data System}
}





@ARTICLE{1997mayers,
   author = {{Mayers}, D.},
    title = "{Unconditionally Secure Quantum Bit Commitment is Impossible}",
  journal = {Phys. Rev. Lett.},
   eprint = {quant-ph/9605044},
     year = 1997,
    month = apr,
   volume = 78,
    pages = {3414-3417},
      doi = {10.1103/PhysRevLett.78.3414},
  adsnote = {Provided by the SAO/NASA Astrophysics Data System}
}

@ARTICLE{1996mayers,
   author = {{Mayers}, D.},
    title = "{The Trouble with Quantum Bit Commitment}",
  journal = {eprint arXiv:quant-ph/9603015},
   eprint = {quant-ph/9603015},
 keywords = {Quantum Physics},
     year = 1996,
    month = mar,
  adsnote = {Provided by the SAO/NASA Astrophysics Data System}
}


@article{Lo97a,
  title = {Insecurity of quantum secure computations},
  author = {Lo, Hoi-Kwong},
  journal = {Phys. Rev. A},
  volume = {56},
  issue = {2},
  pages = {1154--1162},
  numpages = {0},
  year = {1997},
  month = {Aug},
  publisher = {American Physical Society},
  doi = {10.1103/PhysRevA.56.1154},
}


@article{newman2017limitations,
  title={Limitations on Transversal Computation through Quantum Homomorphic Encryption},
  author={Newman, Michael and Shi, Yaoyun},
  journal={arXiv preprint arXiv:1704.07798},
  year={2017}
}


@article{somewhathomomorphic,
  title = {Practical somewhat-secure quantum somewhat-homomorphic encryption with coherent states},
  author = {Tan, Si-Hui and Ouyang, Yingkai and Rohde, Peter P.},
  journal = {Phys. Rev. A},
  volume = {97},
  issue = {4},
  pages = {042308},
  numpages = {7},
  year = {2018},
  month = {Apr},
  publisher = {American Physical Society},
  doi = {10.1103/PhysRevA.97.042308},
}


@article{Yu14,
  title = {Limitations on information-theoretically-secure quantum homomorphic encryption},
  author = {Yu, Li and P\'erez-Delgado, Carlos A. and Fitzsimons, Joseph F.},
  journal = {Phys. Rev. A},
  volume = {90},
  issue = {5},
  pages = {050303},
  numpages = {5},
  year = {2014},
  month = {Nov},
  publisher = {American Physical Society},
  doi = {10.1103/PhysRevA.90.050303},
}



@article{Tan14,
  title={A quantum approach to homomorphic encryption},
  author={Tan, Si-Hui and Kettlewell, Joshua A and Ouyang, Yingkai and Chen, Lin and Fitzsimons, Joseph F},
  journal={Scientific {R}eports},
  volume={6},
  pages={33467},
  year={2016},
  publisher={Nature Publishing Group}
}

@Article{Huang2017,
  author    = {Huang, He-Liang and Zhao, Qi and Ma, Xiongfeng and Liu, Chang and Su, Zu-En and Wang, Xi-Lin and Li, Li and Liu, Nai-Le and Sanders, Barry C and Lu, Chao-Yang and others},
  title     = {Experimental blind quantum computing for a classical client},
  journal   = {Physical {R}eview {L}etters},
  year      = {2017},
  volume    = {119},
  number    = {5},
  pages     = {050503},
  publisher = {APS},
}



@article{Ekert91b,
  title = {Quantum cryptography based on Bell's theorem},
  author = {Ekert, Artur K.},
  journal = {Phys. Rev. Lett.},
  volume = {67},
  issue = {6},
  pages = {661--663},
  numpages = {0},
  year = {1991},
  month = {Aug},
  publisher = {American Physical Society},
  doi = {10.1103/PhysRevLett.67.661},
}



@inproceedings{BB84,
 author = {Bennett, C. H. and Brassard, G.},
 title = {Quantum cryptography: Public key distribution and coin tossing},
 booktitle = {Proceedings of IEEE International Conference on Computers, Systems and signal processing},
 year = {1984},
 volume={175},
 number={0},
 pages = {8}
 } 
 
 

 
@ARTICLE{Zeuner18,
   author = {{Zeuner}, J. and {Pitsios}, I. and {Tan}, S.-H. and {Sharma}, A.~N. and 
	{Fitzsimons}, J.~F. and {Osellame}, R. and {Walther}, P.},
    title = "{Experimental Quantum Homomorphic Encryption}",
  journal = {ArXiv e-prints},
archivePrefix = "arXiv",
   eprint = {1803.10246},
 primaryClass = "quant-ph",
 keywords = {Quantum Physics},
     year = 2018,
    month = mar
}



@inproceedings{Goldwasser2008,
  title={One-time programs},
  author={Goldwasser, Shafi and Kalai, Yael Tauman and Rothblum, Guy N},
  booktitle={Annual International Cryptology Conference},
  pages={39--56},
  year={2008},
  organization={Springer}
}



@inproceedings{Yao86,
 author = {Yao, Andrew Chi-Chih},
 title = {How to Generate and Exchange Secrets},
 booktitle = {Proceedings of the 27th Annual Symposium on Foundations of Computer Science},
 series = {SFCS '86},
 year = {1986},
 isbn = {0-8186-0740-8},
 pages = {162--167},
 numpages = {6},
 doi = {10.1109/SFCS.1986.25},
 acmid = {1382944},
 publisher = {IEEE Computer Society},
 address = {Washington, DC, USA},
} 


@article{otps,
  title={Quantum advantage for probabilistic one-time programs},
  author={Roehsner, Marie-Christine and Kettlewell, Joshua A and Batalh{\~a}o, Tiago B and Fitzsimons, Joseph F and Walther, Philip},
  journal={arXiv preprint arXiv:1709.09724},
  year={2017}
}

@article{wiesnermoney,
 author = {Wiesner, Stephen},
 title = {Conjugate Coding},
 journal = {SIGACT News},
 issue_date = {Winter-Spring 1983},
 volume = {15},
 number = {1},
 month = jan,
 year = {1983},
 issn = {0163-5700},
 pages = {78--88},
 numpages = {11},
 doi = {10.1145/1008908.1008920},
 acmid = {1008920},
 publisher = {ACM},
 address = {New York, NY, USA},
} 


@inproceedings{money2,
 author = {Aaronson, Scott and Christiano, Paul},
 title = {Quantum Money from Hidden Subspaces},
 booktitle = {Proceedings of the Forty-fourth Annual ACM Symposium on Theory of Computing},
 series = {STOC '12},
 year = {2012},
 isbn = {978-1-4503-1245-5},
 location = {New York, New York, USA},
 pages = {41--60},
 numpages = {20},
 doi = {10.1145/2213977.2213983},
 acmid = {2213983},
 publisher = {ACM},
 address = {New York, NY, USA}
} 


@inproceedings{money1,
  title={Quantum copy-protection and quantum money},
  author={Aaronson, Scott},
  booktitle={Computational Complexity, 2009. CCC'09. 24th Annual IEEE Conference on},
  pages={229--242},
  year={2009},
  organization={IEEE}
}

@article{ben2004general,
  title={General security definition and composability for quantum \& classical protocols},
  author={Ben-Or, Michael and Mayers, Dominic},
  journal={arXiv preprint quant-ph/0409062},
  year={2004}
}

@article{gheorghiu2019computationally,
  title={Computationally-secure and composable remote state preparation},
  author={Gheorghiu, Alexandru and Vidick, Thomas},
  journal={arXiv preprint arXiv:1904.06320},
  year={2019}
}

@article{cojocaru2019qfactory,
  title={QFactory: classically-instructed remote secret qubits preparation},
  author={Cojocaru, Alexandru and Colisson, L{\'e}o and Kashefi, Elham and Wallden, Petros},
  journal={arXiv preprint arXiv:1904.06303},
  year={2019}
}


    
    @article{arrighi2006blind,
  title={Blind quantum computation},
  author={Arrighi, Pablo and Salvail, Louis},
  journal={International Journal of Quantum Information},
  volume={4},
  number={05},
  pages={883--898},
  year={2006},
  publisher={World Scientific}
}
    

@incollection{goldwasser2008program,
  title={Program obfuscation and one-time programs},
  author={Goldwasser, Shafi},
  booktitle={Topics in Cryptology--CT-RSA 2008},
  pages={333--334},
  year={2008},
  publisher={Springer}
}


@article{mantri2013optimal,
	Author = {Mantri, Atul and P{\'e}rez-Delgado, Carlos A and Fitzsimons, Joseph F},
	Journal = {Physical {R}eview {L}etters},
	Number = {23},
	Pages = {230502},
	Publisher = {APS},
	Title = {Optimal blind quantum computation},
	Volume = {111},
	Year = {2013}}
	
	
@article{mantri2017universality,
  title={Universality of quantum computation with cluster states and {(X, Y)}-plane measurements},
  author={Mantri, Atul and Demarie, Tommaso F and Fitzsimons, Joseph F},
  journal={Scientific {R}eports},
  volume={7},
  pages={42861},
  year={2017},
  publisher={Nature Publishing Group}
}



@article{mantri2017flow,
  title={Flow ambiguity: A path towards classically driven blind quantum computation},
  author={Mantri, Atul and Demarie, Tommaso F and Menicucci, Nicolas C and Fitzsimons, Joseph F},
  journal={Physical {R}eview X},
  volume={7},
  number={3},
  pages={031004},
  year={2017},
  publisher={APS}
}


@article{pfister2016universal,
  title={A universal test for gravitational decoherence},
  author={Pfister, C and Kaniewski, J and Tomamichel, M and Mantri, A and Schmucker, R and McMahon, N and Milburn, G and Wehner, S},
  journal={Nature Communications},
  volume={7},
  pages={13022},
  year={2016},
  publisher={Nature Publishing Group}
}

@article{pfister2018capacity,
  title={Capacity estimation and verification of quantum channels with arbitrarily correlated errors},
  author={Pfister, Corsin and Rol, M Adriaan and Mantri, Atul and Tomamichel, Marco and Wehner, Stephanie},
  journal={Nature Communications},
  volume={9},
  number={1},
  pages={27},
  year={2018},
  publisher={Nature Publishing Group}
}

@article{takeuchi2018resource,
	Author = {Takeuchi, Yuki and Mantri, Atul and Morimae, Tomoyuki and Mizutani, Akihiro and Fitzsimons, Joseph F},
	Journal = {arXiv preprint arXiv:1806.09138},
	Title = {Resource-efficient verification of quantum computing using {S}erfling's bound},
	Year = {2018}}


@article{mishra2011non,
  title={Non-Standard Probabilistic Teleportation through Conventionally Non-Teleporting Channels},
  author={Mishra, Mayank and Mantri, Atul and Mishra, Priyank and Panigrahi, PK},
  journal={arXiv preprint arXiv:1108.0080},
  year={2011}
}


@article{supMat, title={Supplementary Material}, author={Mantri, Atul and Murta, Glaucia and Fitzsimons, Joseph}}

@Unpublished{bitcomm2016inprep,
author = {Mantri, Atul and Murta, Glaucia and Fitzsimons, Joseph},
title = {In preparation},
year={2016}
}

@Comment{jabref-meta: databaseType:bibtex;}
