@article{bib:Aichele02,
    title   = "Optical mode characterization of single photons prepared by means of conditional measurements on a biphoton state",
    author  = "T. Aichele and A.I. Lvovsky and S. Schiller",
    year    = "2002",
    journal = EurPhysJD,
    volume  = "18",
    pages   = "237"
}

@article{bib:Duan02,
	author = "L.-M. Duan",
	title = "Entangling Many Atomic Ensembles through Laser Manipulation",
	year = "2002",
	journal = PRL,
	volume = "88",
	pages = "170402"
}

@article{bib:DurBriegel99,
	author  = "W. D{\" u}r and H.-J. Briegel and J. I. Cirac and P. Zoller",
	title   = "Quantum repeaters based on entanglement purification",
	year    = "1999",
	journal = PRA,
	volume  = "59",
	pages   = "169"
}

@article{bib:EPR35,
    author  = "A. Einstein and B. Podolsky and N. Rosen",
    title   = "Can quantum-mechanical description of physical reality be considered complete?",
    year    = "1935",
    journal = PR,
    volume  = "47",
    pages   = "777"
}

@article{bib:JeongRalph05,
	author    = "H. Jeong and T. C. Ralph",
	title     = "Schrodinger cat states for quantum information processing",
	year      = "2005",
	eprint    = "quant-ph/0509137"
}

@article{bib:YoranReznik03,
    author  = "N. Yoran and B. Reznik",
    title   = "Deterministic linear optics quantum computation with single photon qubits",
    year    = "2003",
    journal = PRL,
    volume  = "91",
    pages   = "037903"
}

@article{bib:Varnava07,
	author = "Michael Varnava and Daniel E. Browne and Terry Rudolph",
	title = "How good must single photon sources and detectors be for efficient linear optical quantum computation?",
	year = "2007",
	eprint = "quant-ph/0702044"
}

@article{bib:URen05,
    author  = "A. B. U'Ren and C. Silberhorn and K. Banaszek and I. A. Walmsley and R. Erdman and W. P. Grice and M. G. Raymer",
    title   = "Generation of pure-state single-photon wavepackets by conditional preparation based on spontaneous parametric downconversion",
    year    = "2005",
    journal = LaserPhys,
    volume  = "15",
    pages   = "146"
}

@article{bib:Varnava05,
    author  = "Michael Varnava and Daniel E. Browne and Terry Rudolph",
    title   = "Loss tolerant one-way quantum computation - a horticultural approach",
    year    = "2005",
    eprint  = "quant-ph/0507036",
}

@article{bib:URen03,
    author  = "A. B. U'Ren and K. Banaszek and I. A. Walmsley",
    title   = "Photon engineering for quantum information processing",
    year    = "2003",
    journal = QIC,
    volume  = "3",
    pages   = "480"
}

@article{bib:Santori01,
    author  = "C. Santori and M. Pelton and G. Solomon and Y. Dale and Y. Yamamoto",
    title   = "Triggered single photons from a quantum dot",
    year    = "2001",
    journal = PRL,
    volume  = "86",
    pages   = "1502"
}

@BOOK{bib:Schneier96,
    author    = "Bruce Schneier",
    title     = "Applied Cryptography",
    year      = "1996",
    publisher = "John Wiley \& Sons"
}

@BOOK{bib:Sakurai94,
    author    = "J. J. Sakurai",
    title     = "Modern Quantum Mechanics",
    year      = "1994",
    publisher = "Addison-Wesley"
}

@article{bib:OBrien04,
    author  = "J. L. O'Brien and G. J. Pryde and A. Gilchrist and D. F. V. James and N. K. Langford and T. C. Ralph and A. G. White",
    title   = "Quantum process tomography of a controlled-NOT gate",
    year    = "2004",
    journal = PRL,
    volume  = "93",
    pages   = "080502"
}

@article{bib:Ralph01,
    author  = "T. C. Ralph and A. G. White and W. J. Munro and G. J. Milburn",
    title   = "Simple scheme for efficient linear optics quantum gates",
    year    = "2001",
    journal = PRA,
    volume  = "65",
    pages   = "012314"
}

@article{bib:RalphHayes05,
    author  = "Timothy C. Ralph and A. J. F. Hayes and Alexei Gilchrist",
    title   = "Loss-tolerant optical qubits",
    year    = "2005",
    journal = PRL,
    volume  = "95",
    pages   = "100501"
}

@article{bib:Pittman03,
    author  = "T. B. Pittman and  M. J. Fitch and B. C. Jacobs and J. D. Franson",
    title   = "Experimental controlled-NOT logic gate for single photons in the coincidence basis",
    year    = "2003",
    journal = PRA,
    volume  = "68",
    pages   = "032316"
}

@article{bib:Ralph02,
    author  = "T. C. Ralph and N. K. Langford and T. B. Bell and A. G. White",
    title   = "Linear optical controlled-NOT gate in the coincidence basis",
    year    = "2002",
    journal = PRA,
    volume  = "65",
    pages   = "062324"
}

@article{bib:Pittman01,
    author  = "T. B. Pittman and B. C. Jacobs and J. D. Franson",
    title   = "Probabilistic quantum logic operations using polarizing beam splitters",
    year    = "2001",
    journal = PRA,
    volume  = "64",
    pages   = "062311"
}

@article{bib:Oxborrow05,
	author  = "M. Oxborrow and A. G. Sinclair",
	title   = "Single-photon sources",
	journal = "Cont. Phys.",
	year    = "2005",
	volume  = "46",
	pages   = "173",
}

@article{bib:Pan03,
    author  = "Jian-Wei Pan and Sara Gasparoni and Rupert Ursin and Gregor Weihs and Anton Zeilinger",
    title   = "Experimental entanglement purification of arbitrary unknown states",
    year    = "2003",
    journal = Nature,
    volume  = "423",
    pages   = "417"
}

@article{bib:Pan01,
    author  = "Jian-Wei Pan and Christoph Simon and {\u C}aslav Brukner and Anton Zeilinger",
    title   = "Entanglement purification for quantum communication",
    year    = "2001",
    journal = Nature,
    volume  = "410",
    pages   = "1067"
}

@article{bib:Muller96,
    author  = "A. Muller and H. Zbinden and N. Gisin",
    title   = "Quantum cryptography over 23km in installed under-lake telecom fibre",
    year    = "1996",
    journal = "Europhys. Lett.",
    volume  = "33",
    pages   = "334"
}

@article{bib:Munro05,
    author  = "W. J. Munro and K. Nemoto and T. P. Spiller",
    title   = "Weak nonlinearities: a new route to optical quantum computation",
    year    = "2005",
    journal = NJP,
    volume  = "7",
    pages   = "137"
}

@article{bib:MorYoran06,
    author  = "Tal Mor and Nadav Yoran",
    title   = "Methods for scalable optical quantum computation",
    year    = "2006",
    eprint  = "quant-ph/0603118"
}

@article{bib:Menicucci06,
	author  = "N. C. Menicucci and P. Van loock and M. Gu and C. Weedbrook and T. C. Ralph and M. A. Nielsen",
	title   = "Universal quantum computation with continuous-variable cluster states",
	journal = PRL,
	year    = "2006",
	volume  = "97",
	pages   = "110501",
}

@article{bib:Matsukevich05b,
    author  = "D. N. Matsukevich and T. Chaneli\`ere and S. D. Jenkins and S.-Y. Lan and T. A. B. Kennedy and A. Kuzmich",
    title   = "Entanglement of remote atomic qubits",
    year    = "2005",
    journal = PRL,
    volume  = "96",
    pages   = "030405"
}

@article{bib:Lim05,
    author  = "Yuan Liang Lim and Almut Beige and Leong Chuan Kwek",
    title   = "Repeat-until-success linear optics distributed quantum computing",
    year    = "2005",
    journal = PRL,
    volume  = "95",
    pages   = "030505"
}

@article{bib:Matsukevich05,
    author  = "D. N. Matsukevich and T. Chaneli\`ere and M. Bhattacharya and S.-Y. Lan and S. D. Jenkins and T. A. B. Kennedy and A. Kuzmich",
    title   = "Entanglement of a photon and a collective atomic excitation",
    year    = "2005",
    journal = PRL,
    volume  = "95",
    pages   = "040405"
}

@article{bib:LimBarrett05,
	author  = "Yuan Liang Lim and Sean D. Barrett and Almut Beige and Pieter Kok and Leong Chuan Kwek",
	title   = "Repeat-until-success quantum computing using stationary and flying qubits",
	year    = "2005",
	journal = PRA,
	volume  = "73",
	pages   = "012304"
}

@article{bib:LauratKimble07,
	author = "J. Laurat and K. S. Choi and H. Deng and C. W. Chou and H. J. Kimble",
	title = " Heralded Entanglement between Atomic Ensembles: Preparation, Decoherence, and Scaling",
	year = "2007",
	journal = PRL,
	volume = "99",
	pages = "180504"
}

@article{bib:Kok05,
    author = "Pieter Kok and William J. Munro and Kae Nemoto and Timothy C. Ralph and Jonathan P. Dowling and G. J. Milburn",
    title  = "Linear optical quantum computing with photonic qubits",
    year   = "2005",
    journal = RMP,
	volume = "79",
	pages = "135"
}

@article{bib:Kieling07,
	author = "K. Kieling and D. Gross and J. Eisert",
	title  = "Cluster state preparation using gates operating at arbitrary success probabilities",
	year   = "2007",
	journal = NJP,
	volume = "9",
	pages = "200"
}

@article{bib:Knill02,
    author  = "E. Knill",
    title   = "Quantum gates using linear optics and postselection",
    year    = "2002",
    journal = PRA,
    volume  = "66",
    pages   = "052306"
}

@article{bib:Kiraz04,
    author  = "A. Kiraz and M. Atat{\"u}re and A. Imamo{\u g}lu",
    title   = "Quantum-dot single-photon sources: Prospects for applications in linear optics quantum-information processing",
    year    = "2004",
    journal = PRA,
    volume  = "69",
    pages   = "032305"
}

@article{bib:KielingRudolphEisert06,
	author = "K. Kieling and T. Rudolph and J. Eisert",
	title  = "Percolation, renormalization, and quantum computing with non-deterministic gates",
	year   = "2006",
	journal = PRL,
	volume = "99",
	pages = "130501"
}

@article{bib:Duan05,
    author  = "L.-M. Duan and R. Raussendorf",
    title   = "Efficient quantum computation with probabilistic quantum gates",
    year    = "2005",
    journal = PRL,
    volume  = "95",
    pages   = "080503"
}

@article{bib:GottesmanChuang99,
    author  = "D. Gottesman and I. L. Chuang",
    title   = "Demonstrating the viability of universal quantum computation using teleportation and single-qubit operations",
    year    = "1999",
    journal = Nature,
    volume  = "402",
    pages   = "390"
}

@article{bib:Gisin02,
    author  = "Nicolas Gisin and Gr\'egoire Ribordy and Wolfgang Tittel and Hugo Zbinden",
    title   = "Quantum cryptography",
    year    = "2002",
    journal = RMP,
    volume  = "74",
    pages   = "145"
}

@article{bib:GilchristHayes05,
    author  = "A. Gilchrist and A. J. F. Hayes and T. C. Ralph",
    title   = "Efficient parity encoded optical quantum computing",
    year    = "2005",
    eprint  = "quant-ph/0505125"
}

@article{bib:Gilchrist05,
    author  = "Alexei Gilchrist and Nathan K. Langford and Michael A. Nielsen",
    title   = "Distance measures to compare real and ideal quantum processes",
    year    = "2005",
    journal = PRA,
    volume  = "71",
    pages   = "062310"
}

@article{bib:Gilchrist04,
	author  = "A. Gilchrist and Kae Nemoto and W. J. Munro and T. C. Ralph and S. Glancy and Samuel L. Braunstein and G. J. Milburn",
	title   = "Schr{\"o}dinger cats and their power for quantum information processing",
	year    = "2004",
	journal = JOptB,
	volume  = "6",
	pages   = "S828"
}


@INBOOK{bib:GHZ89,
    author    = "Daniel M. Greenberger and Michael A. Horne and Anton Zeilinger (edited by M. Kafatos)",
    booktitle = "Bell's Theorem, Quantum Theory, and Conceptions of the Universe",
    title     = "Going beyond Bell's theorem",
    year      = "1989",
    pages     = "73",
    publisher = "Kluwer Academic, Dordrecht, The Netherlands"
}

@BOOK{bib:GerryKnight05,
	author = "Christopher C. Gerry and Peter L. Knight",
	title   = "Introductory quantum optics",
	year = "2005",
	publisher = "Cambridge University Press"
}

@article{bib:Duan06,
	author  = "L.-M. Duan and M. J. Madsen and D. L. Moehring and P. Maunz and R. N. Kohn Jr. and C. Monroe",
	title   = "Probabilistic quantum gates between remote atoms through interference of optical frequency qubits",
	year    = "2006",
	eprint  = "quant-ph/0603285"
}

@article{bib:DeutschJozsa92,
	author  = "David Deutsch and Richard Jozsa",
	title   = "Rapid solution of problems by quantum computation",
	year    = "1992",
	journal = "Proc. R. Soc. Lond. A",
	volume  = "439",
	pages   = "553"
}

@article{bib:Fitch03,
    author  = "M. J. Fitch and B. C. Jacobs and T. B. Pittman and J. D. Franson",
    title   = "Photon number resolution using time-multiplexed single-photon detectors",
    year    = "2003",
    journal = PRA,
    volume  = "68",
    pages   = "043814"
}

@article{bib:Duan01,
    author  = "L.-M. Duan and M. D. Lukin and J. I. Cirac and P. Zoller",
    title   = "Long-distance quantum communication with atomic ensembles and linear optics",
    year    = "2001",
    journal = Nature,
    volume  = "414",
    pages   = "413"
}

@article{bib:Duan00,
    author  = "L.-M. Duan and G. Giedke and J. I. Cirac and P. Zoller",
    title   = "Entanglement purification of Gaussian continuous variable quantum states",
    year    = "2000",
    journal = PRL,
    volume  = "84",
    pages   = "4002"
}

@article{bib:Deutsch85,
	author  = "David Deutsch",
	title   = "Quantum theory, the Church-Turing principle and the universal quantum computer",
	year    = "1985",
	journal = "Proc. R. Soc. Lond. A",
	volume  = "400",
	pages   = "97"
}

@book{bib:Cohen-Tannoudji92,
	author = {Cohen-Tannoudji, Claude and Dupont-Roc, Jacques and Grynberg, Gilbert},
	edition = {1},
	Isbn = {0471625566},
	publisher = {Wiley-Interscience},
	title = {Atom---Photon Interactions: Basic Processes and Applications},
	year = {1992}
}

@article{bib:Cirac99,
    author  = "J. I. Cirac and A. K. Ekert and S. F. Huelga and C. Macchiavello",
    title   = "Distributed quantum computation over noisy channels",
    year    = "1999",
    journal = PRA,
    volume  = "59",
    pages   = "1999"
}

@article{bib:Chen08,
	author = "Yu-Ao Chen and Shuai Chen and Zhen-Sheng Yuan and Bo Zhao and Chih-Sung Chuu and J{\" o}rg Schmiedmayer  and Jian-Wei Pan",
	title = "Memory-built-in quantum teleportation with photonic and atomic qubits",
	year = "2008",
	journal = "Nature Physics",
	volume = "4",
	pages = "103"
}

@article{bib:Chou05,
    author  = "C. W. Chou and H. de Riedmatten and D. Felinto and S. V. Polyakov and S. J. van Enk and H. J. Kimble",
    title   = "Measurement-induced entanglement for excitation stored in remote atomic ensembles",
    year    = "2005",
    journal = Nature,
    volume  = "438",
    pages   = "828"
}


@article{bib:Chaneliere05,
    author  = "T. Chaneli\`ere and D. N. Matsukevich and S. D. Jenkins and S.-Y. Lan and T. A. B. Kennedy and A. Kuzmich",
    title   = "Storage and retrieval of single photons transmitted between remote quantum memories",
    year    = "2005",
    journal = Nature,
    volume  = "438",
    pages   = "833"
}

@article{bib:Campbell07,
	author  = "Earl T. Campbell and Joseph Fitzsimons and Simon C. Benjamin and Pieter Kok",
	title   = "Efficient growth of complex graph states via imperfect path erasure",
	year    = "2007",
	eprint  = "quant-ph/0702209"
}

@article{bib:Campbell07,
	author  = "Earl T. Campbell and Joseph Fitzsimons and Simon C. Benjamins and Pieter Kok",
	title   = "Adaptive strategies for graph state growth in the presence of monitored errors",
	year    = "2007",
	journal = PRA,
	volume = "75",
	pages  = "042303"
}

@article{bib:Brunel99,
    author  = "C. Brunel and B. Lounis and P. Tamarat and M. Orrit",
    title   = "Triggered source of single photons based on controlled single molecule fluorescence",
    year    = "1999",
    journal = PRL,
    volume  = "83",
    pages   = "2722"
}

@article{bib:CalderbankShor96,
    author  = "A. R. Calderbank and Peter W. Shor",
    title   = "Good quantum error-correcting codes exist",
    year    = "96",
    journal = PRA,
    volume  = "54",
    pages   = "1098"
}

@article{bib:CahillGlauber69,
    author  = "K. E. Cahill and R. J. Glauber",
    title   = "Density operators and quasiprobability distributions",
    year    = "1969",
    journal = PhysRev,
    volume  = "177",
    pages   = "177"
}

@article{bib:Buttler00,
    author  = "W. T. Buttler and R. J. Hughes and S. K. Lamoreaux and G. L. Morgan and J. E. Nordholt and C. G. Peterson",
    title   = "Daylight quantum key distribution over 1.6km",
    year    = "2000",
    journal = PRL,
    volume  = "84",
    pages   = "5653"
}


@article{bib:BraunsteinMann95,
    author  = "S. L. Braunstein and A. Mann",
    title   = "Measurement of the Bell operator and quantum teleportation",
    year    = "1995",
    journal = PRA,
    volume  = "51",
    pages   = "R1727"
}

@article{bib:Brattke01,
    author  = "S. Brattke and B. T. H. Varcoe and H. Walther",
    title   = "Generation of photon number states on demand via cavity quantum electrodynamics",
    year    = "2001",
    journal = PRL,
    volume  = "86",
    pages   = "3534"
}

@article{bib:BraunsteinMann95,
    author  = "S. L. Braunstein and A. Mann",
    title   = "Measurement of the Bell operator and quantum teleportation",
    year    = "1995",
    journal = PRA,
    volume  = "51",
    pages   = "R1727"
}

@article{bib:Beugnon06,
	author  = "J. Beugnon and M. P. A. Jones and J. Dingjan and B. Darquie and G. Messin and A. Browaeys and P. Grangier",
	title   = "Quantum interference between two single photons emitted by independently trapped atoms",
	year    = "2006",
	journal = Nature,
	volume  = "440",
	pages   = "779"
}

@article{bib:Branning00,
	author  = "David Branning and Warren Grice and Reinhard Erdmann and I. A. Walmsley",
	title   = "Interferometric technique for engineering indistinguishability and entanglement of photon pairs",
  	journal = PRA,
	year    = "2000",
	volume  = "62",
	pages   = "013814"
}

@article{bib:Achilles04,
	author  = "Daryl Achilles and Christine Silberhorn and Cezary Sliwa and Konrad Banaszek and Ian A. Walmsley and Michael J. Fitch and Bryan C. Jacobs and Todd B. Pittman and James D. Franson",
	title   = "Photon number resolving detection using time-multiplexing",
	year    = "2004",
	journal = JMO,
	volume  = "51",
	pages   = "1499"
}

@article{bib:Bennett00,
    author  = "C. H. Bennett and D. P. DiVincenzo",
    title   = "Quantum information and computation",
    year    = "2000",
    journal = Nature,
    volume  = "404",
    pages   = "247"
}

@article{bib:Altepeter03,
    author  = "J. B. Altepeter and D. Branning and E. Jeffrey and T. C. Wei and P. G. Kwiat and R. T. Thew and J. L. O'Brien and M. A. Nielsen and A. G. White",
    title   = "Ancilla-assisted quantum processs tomography",
    year    = "2003",
    journal = PRL,
    volume  = "90",
    pages   = "193601"
}

@article{bib:Banaszek03,
    author  = "K. Banaszek and I. Walmsley",
    title   = "Photon counting with loop detector",
    year    = "2003",
    journal = OptLett,
    volume  = "28",
    pages   = "52"
}