% Encoding: UTF-8
@article{bib:greenwade93,
    author  = "George D. Greenwade",
    title   = "The {C}omprehensive {T}ex {A}rchive {N}etwork ({CTAN})",
    year    = "1993",
    journal = "TUGBoat",
    volume  = "14",
    pages   = "342"
}

@article{bib:peteiro2013survey,
  title={A survey of methods for distributed machine learning},
  author={Peteiro-Barral, Diego and Guijarro-Berdi{\~n}as, Bertha},
  journal={Progress in Artificial Intelligence},
  volume={2},
  pages={1},
  year={2013}
}

@Article{bib:florian2013,
  author  = {Balcan, Maria-Florina F and Ehrlich, Steven and Liang, Yingyu},
  title   = {Distributed k-Means and k-Median Clustering on General Topologies},
  journal = {Advances in Neural Information Processing Systems},
  year    = {2013},
  pages   = {1995},
  eprint  = {arXiv:1306.0604v3},
}

@Article{bib:wang2018machine,
  author  = {Wang, Mowei and Cui, Yong and Wang, Xin and Xiao, Shihan and Jiang, Junchen},
  title   = {Machine learning for networking: Workflow, advances and opportunities},
  journal = {IEEE Network},
  year    = {2018},
  volume  = {32},
  pages   = {92},
  doi     = {10.1109/mnet.2017.1700200},
  eprint  = {arXiv:1709.08339v2},
}

@Article{bib:mestres2017knowledge,
  author  = {Mestres, Albert and Rodriguez-Natal, Alberto and Carner, Josep and Barlet-Ros, Pere and Alarc{\'o}n, Eduard and Sol{\'e}, Marc and Munt{\'e}s-Mulero, Victor and Meyer, David and Barkai, Sharon and Hibbett, Mike J. and others},
  title   = {Knowledge-defined networking},
  journal = {ACM SIGCOMM Computer Communication Review},
  year    = {2017},
  volume  = {47},
  pages   = {2},
  doi     = {10.1145/3138808.3138810},
}

@Article{bib:fadlullah2017state,
  author  = {Fadlullah, Zubair and Tang, Fengxiao and Mao, Bomin and Kato, Nei and Akashi, Osamu and Inoue, Takeru and Mizutani, Kimihiro},
  title   = {State-of-the-art deep learning: Evolving machine intelligence toward tomorrowâ€™s intelligent network traffic control systems},
  journal = {IEEE Communications Surveys \& Tutorials},
  year    = {2017},
  volume  = {19},
  pages   = {2432},
  doi     = {10.1109/comst.2017.2707140},
}

@InProceedings{bib:fraley2017promise,
  author    = {Fraley, James B. and Cannady, James},
  title     = {The promise of machine learning in cybersecurity},
  booktitle = {IEEE SoutheastCon},
  year      = {2017},
  pages     = {1},
  doi       = {10.1109/secon.2017.7925283},
}

@InProceedings{bib:yavanoglu2017review,
  author    = {Yavanoglu, Ozlem and Aydos, Murat},
  title     = {A review on cyber security datasets for machine learning algorithms},
  booktitle = {IEEE International Conference on Big Data},
  year      = {2017},
  pages     = {2186},
  doi       = {10.1109/bigdata.2017.8258167},
}

@InProceedings{bib:joseph2013machine,
  author    = {Joseph, Anthony D. and Laskov, Pavel and Roli, Fabio and Tygar, J. Doug and Nelson, Blaine},
  title     = {Machine learning methods for computer security (Dagstuhl Perspectives Workshop 12371)},
  booktitle = {Dagstuhl Manifestos},
  year      = {2013},
  volume    = {3},
}

@Article{bib:boutaba2018comprehensive,
  author  = {Boutaba, Raouf and Salahuddin, Mohammad A. and Limam, Noura and Ayoubi, Sara and Shahriar, Nashid and Estrada-Solano, Felipe and Caicedo, Oscar M.},
  title   = {A comprehensive survey on machine learning for networking: evolution, applications and research opportunities},
  journal = {Journal of Internet Services and Applications},
  year    = {2018},
  volume  = {9},
  pages   = {16},
  doi     = {10.1186/s13174-018-0087-2},
}

@InProceedings{bib:mirhoseini2016cryptoml,
  author    = {Mirhoseini, Azalia and Sadeghi, Ahmad-Reza and Koushanfar, Farinaz},
  title     = {CryptoML: Secure outsourcing of big data machine learning applications},
  booktitle = {IEEE International Symposium on Hardware Oriented Security and Trust (HOST)},
  year      = {2016},
  pages     = {149},
  doi       = {10.1109/hst.2016.7495574},
}

@Article{bib:mahdavinejad2017machine,
  author  = {Mahdavinejad, Mohammad Saeid and Rezvan, Mohammadreza and Barekatain, Mohammadamin and Adibi, Peyman and Barnaghi, Payam and Sheth, Amit P.},
  title   = {Machine learning for Internet of Things data analysis: A survey},
  journal = {Digital Communications and Networks},
  year    = {2017},
  doi     = {10.1016/j.dcan.2017.10.002},
  eprint  = {arXiv:1802.06305v1},
}

@Article{bib:predd2005distributed,
  author = {Predd, Joel B and Kulkarni, Sanjeev R. and Poor, H. Vincent},
  title  = {Distributed learning in wireless sensor networks},
  year   = {2005},
  doi    = {10.1109/msp.2006.1657817},
  eprint = {arXiv:cs/0503072},
}

@inproceedings{bib:ahmed2007machine,
  title={Machine learning approaches to network anomaly detection},
  author={Ahmed, Tarem and Oreshkin, Boris and Coates, Mark},
  booktitle={Proceedings of the 2nd USENIX workshop on Tackling computer systems problems with machine learning techniques},
  pages={1},
  year={2007}}

@Article{bib:thottan2003anomaly,
  author  = {Thottan, Marina and Ji, Chuanyi},
  title   = {Anomaly detection in IP networks},
  journal = {IEEE Transactions on signal processing},
  year    = {2003},
  volume  = {51},
  pages   = {2191},
  doi     = {10.1109/tsp.2003.814797},
}

@InProceedings{bib:sommer2010outside,
  author    = {Sommer, Robin and Paxson, Vern},
  title     = {Outside the closed world: On using machine learning for network intrusion detection},
  booktitle = {IEEE Symposium on Security and Privacy (SP)},
  year      = {2010},
  pages     = {305},
  doi       = {10.1109/sp.2010.25},
}

@Article{bib:beals2013efficient,
  author  = {Beals, Robert and Brierley, Stephen and Gray, Oliver and Harrow, Aram W and Kutin, Samuel and Linden, Noah and Shepherd, Dan and Stather, Mark},
  title   = {Efficient distributed quantum computing},
  journal = {Proceedings of the Royal Society A},
  year    = {2013},
  volume  = {469},
  pages   = {20120686},
  doi     = {10.1098/rspa.2012.0686},
  eprint  = {arXiv:1207.2307v2},
}

@Article{bib:MLbase,
  author  = {Kraska, Tim and Talwalkar, Ameet and Duchi, John C. and Griffith, Rean and Franklin, Michael J. and Jordan, Michael I.},
  title   = {MLbase: A Distributed Machine-learning System},
  journal = {Cidr},
  year    = {2013},
  volume  = {1},
  pages   = {2},
}

@Article{bib:Gao2018,
author={Gao, Jun and Qiao, Lu-Feng and Jiao, Zhi-Qiang and Ma, Yue-Chi and Hu, Cheng-Qiu and Ren, Ruo-Jing and Yang, Ai-Lin and Tang, Hao and Yung, Man-Hong and Jin, Xian-Min},
  title   = {Experimental Machine Learning of Quantum States},
  journal = {Physical Review Letters},
  year    = {2018},
  volume  = {120},
  doi     = {10.1103/physrevlett.120.240501},
}

@article{bib:Han2017,
  title={Efficient Quantum Tomography with Fidelity Estimation},
  author={Jun Wang and Zhao-Yu Han and Song-Bo Wang and Zeyang Li and Liang-Zhu Mu and Heng Fan and Lei Wang},
  eprint={arXiv:1712.03213},
  year={2017}
}

@Article{bib:Torlai2017,
  author  = {Giacomo Torlai and Guglielmo Mazzola and Juan Carrasquilla and Matthias Troyer and Roger Melko and Giuseppe Carleo},
  title   = {Neural-network quantum state tomography},
  journal = {Nature Physics},
  year    = {2018},
  volume  = {14},
  pages   = {447},
  doi     = {10.1038/s41567-018-0048-5},
}

@Article{bib:Ma2017,
  author = {Y.-C. Ma and M.-H. Yung},
  title  = {Transforming Bell's Inequalities into State Classifiers with Machine Learning},
  year   = {2017},
  doi    = {10.1038/s41534-018-0081-3},
  eprint = {arXiv:1705.00813},
}

@Article{bib:Su2017,
  author = {Sirui Lu and Shilin Huang and Keren Li and Jun Li and Jianxin Chen and Dawei Lu and Zhengfeng Ji and Yi Shen and Duanlu Zhou and Bei Zeng},
  title  = {A Separability-Entanglement Classifier via Machine Learning},
  year   = {2018},
  volume = {98},
  pages = {012315},
  journal = {Physical Review A},
  doi    = {10.1103/physreva.98.012315},
  eprint = {arXiv:1705.01523},
}

@Article{bib:Juan2017,
  author  = {Juan Carrasquilla and Roger G. Melko},
  title   = {Machine learning phases of matter},
  journal = {Nature Physics},
  year    = {2017},
  volume  = {13},
  pages   = {431},
  doi     = {10.1038/nphys4035},
  eprint  = {arXiv:1605.01735v1},
}

@Article{bib:Huber2017,
  author  = {E. P. L. van Nieuwenburg and Y.-H. Liu and S. D. Huber},
  title   = {Learning phase transitions by confusion},
  journal = {Nature Physics},
  year    = {2017},
  volume  = {13},
  pages   = {435},
  doi     = {10.1038/nphys4037},
  eprint  = {arXiv:1610.02048v1},
}

@Article{bib:sheng2017distributed,
  author  = {Sheng, Yu-Bo and Zhou, Lan},
  title   = {Distributed secure quantum machine learning},
  journal = {Science Bulletin},
  year    = {2017},
  volume  = {62},
  pages   = {1025},
  doi     = {10.1016/j.scib.2017.06.007},
}

@Article{bib:bang2015protocol,
  author  = {Bang, Jeongho and Lee, Seung-Woo and Jeong, Hyunseok},
  title   = {Protocol for secure quantum machine learning at a distant place},
  journal = {Quantum Information Processing},
  year    = {2015},
  volume  = {14},
  pages   = {3933},
  doi     = {10.1007/s11128-015-1089-7},
  eprint  = {arXiv:1504.04929v2},
}

@Article{bib:wiebe2018hardening,
  author  = {Wiebe, Nathan and Kumar, Ram Shankar Siva},
  title   = {Hardening quantum machine learning against adversaries},
  journal = {New Journal of Physics},
  year    = {2018},
  doi     = {10.1088/1367-2630/aae71a},
  eprint  = {arXiv:1711.06652v1},
}

@Article{bib:aaronson2015read,
  author  = {Aaronson, Scott},
  title   = {Read the fine print},
  journal = {Nature Physics},
  year    = {2015},
  volume  = {11},
  pages   = {291},
  doi     = {10.1038/nphys3272},
}

@Article{bib:giovannetti2008quantum,
  author  = {Giovannetti, Vittorio and Lloyd, Seth and Maccone, Lorenzo},
  title   = {Quantum random access memory},
  journal = {Physical Review Letters},
  year    = {2008},
  volume  = {100},
  pages   = {160501},
  doi     = {10.1103/physrevlett.100.160501},
  eprint  = {arXiv:0708.1879v2},
}

@Article{bib:giovannetti2008architectures,
  author  = {Giovannetti, Vittorio and Lloyd, Seth and Maccone, Lorenzo},
  title   = {Architectures for a quantum random access memory},
  journal = {Physical Review A},
  year    = {2008},
  volume  = {78},
  pages   = {052310},
  doi     = {10.1103/physreva.78.052310},
}

@Article{bib:hood1997proactive,
  author  = {Hood, Cynthia S. and Ji, Chuanyi},
  title   = {Proactive network-fault detection [telecommunications]},
  journal = {IEEE Transactions on reliability},
  year    = {1997},
  volume  = {46},
  pages   = {333},
  doi     = {10.1109/24.664004},
}

@InProceedings{bib:kogeda2006prediction,
  author       = {Kogeda, P. and Agbinya, Johnson I.},
  title        = {Prediction of faults in cellular networks using bayesian network model},
  booktitle    = {International conference on Wireless Broadband and Ultra Wideband Communication},
  year         = {2006},
  organization = {UTS ePress},
}

@InProceedings{bib:snow2005assessing,
  author    = {Snow, A. and Rastogi, P. and Weckman, G.},
  title     = {Assessing dependability of wireless networks using neural networks},
  booktitle = {IEEE Military Communications Conference (MILCOM)},
  year      = {2005},
  pages     = {2809},
  doi       = {10.1109/milcom.2005.1606090},
}

@Article{bib:hajji2005statistical,
  author  = {Hajji, Hassan},
  title   = {Statistical analysis of network traffic for adaptive faults detection},
  journal = {IEEE Transactions on Neural Networks},
  year    = {2005},
  volume  = {16},
  pages   = {1053},
  doi     = {10.1109/tnn.2005.853414},
}

@Article{bib:bermolen2009support,
  author  = {Bermolen, Paola and Rossi, Dario},
  title   = {Support vector regression for link load prediction},
  journal = {Computer Networks},
  year    = {2009},
  volume  = {53},
  number  = {2},
  pages   = {191},
  doi     = {10.1016/j.comnet.2008.09.018},
}

@Article{bib:chabaa2010identification,
  author  = {Chabaa, Samira and Zeroual, Abdelouhab and Antari, Jilali},
  title   = {Identification and prediction of internet traffic using artificial neural networks},
  journal = {Journal of Intelligent Learning Systems and Applications},
  year    = {2010},
  volume  = {2},
  pages   = {147},
  doi     = {10.4236/jilsa.2010.23018},
}

@InProceedings{bib:cortez2006internet,
  author    = {Cortez, Paulo and Rio, Miguel and Rocha, Miguel and Sousa, Pedro},
  title     = {Internet traffic forecasting using neural networks},
  booktitle = {IEEE International Joint Conference on Neural Networks (IJCNN'06)},
  year      = {2006},
  pages     = {2635},
  doi       = {10.1109/ijcnn.2006.247142},
}

@InProceedings{bib:chen2016predicting,
  author    = {Chen, Zhitang and Wen, Jiayao and Geng, Yanhui and others},
  title     = {Predicting future traffic using hidden markov models},
  booktitle = {IEEE 24th International Conference on Network Protocols (ICNP)},
  year      = {2016},
  pages     = {1},
  doi       = {10.1109/icnp.2016.7785328},
}

@InProceedings{bib:li2016inter,
  author    = {Li, Yi and Liu, Hong and Yang, Wenjun and Hu, Dianming and Xu, Wei},
  title     = {Inter-data-center network traffic prediction with elephant flows},
  booktitle = {IEEE/IFIP Network Operations and Management Symposium (NOMS)},
  year      = {2016},
  pages     = {206},
  doi       = {10.1109/noms.2016.7502814},
}

@Article{bib:erman2007offline,
  author  = {Erman, Jeffrey and Mahanti, Anirban and Arlitt, Martin and Cohen, Ira and Williamson, Carey},
  title   = {Offline/realtime traffic classification using semi-supervised learning},
  journal = {Performance Evaluation},
  year    = {2007},
  volume  = {64},
  pages   = {1194},
  doi     = {10.1016/j.peva.2007.06.014},
}

@Article{bib:zhang2015robust,
  author  = {Zhang, Jun and Chen, Xiao and Xiang, Yang and Zhou, Wanlei and Wu, Jie},
  title   = {Robust network traffic classification},
  journal = {IEEE/ACM Transactions on Networking (TON)},
  year    = {2015},
  volume  = {23},
  pages   = {1257},
  doi     = {10.1109/tnet.2014.2320577},
}

@InProceedings{bib:wang2006adaptive,
  author    = {Wang, Ping and Wang, Ting},
  title     = {Adaptive routing for sensor networks using reinforcement learning},
  booktitle = {The Sixth IEEE International Conference on Computer and Information Technology (CIT'06)},
  year      = {2006},
  pages     = {219},
  doi       = {10.1109/cit.2006.34},
}

@InProceedings{bib:forster2007froms,
  author    = {Forster, Anna and Murphy, Amy L.},
  title     = {FROMS: Feedback routing for optimizing multiple sinks in WSN with reinforcement learning},
  booktitle = {IEEE 3rd International Conference on Intelligent Sensors, Sensor Networks and Information (ISSNIP)},
  year      = {2007},
  pages     = {371},
  doi       = {10.1109/issnip.2007.4496872},
}

@InProceedings{bib:arroyo2007q,
  author    = {Arroyo-Valles, Rocio and Alaiz-Rodriguez, Rocio and Guerrero-Curieses, Alicia and Cid-Sueiro, Jes{\'u}s},
  title     = {Q-probabilistic routing in wireless sensor networks},
  booktitle = {IEEE 3rd International Conference on Intelligent Sensors, Sensor Networks and Information (ISSNIP)},
  year      = {2007},
  pages     = {1},
  doi       = {10.1109/issnip.2007.4496810},
}

@techreport{bib:liu2002end,
  title={End-to-end inference of loss nature in a hybrid wired/wireless environment},
  author={Liu, Jun and Matta, Ibrahim and Crovella, Mark},
  year={2002},
  institution={Boston University Computer Science Department}
}

@inproceedings{bib:barman2004model,
  title={Model-based loss inference by tcp over heterogeneous networks},
  author={Barman, Dhiman and Matta, Ibrahim},
  booktitle={Proceedings of WiOpt},
  volume={4},
  year={2004}
}

@InProceedings{bib:el2005improving,
  author    = {El Khayat, Ibtissam and Geurts, Pierre and Leduc, Guy},
  title     = {Improving TCP in wireless networks with an adaptive machine-learnt classifier of packet loss causes},
  booktitle = {International Conference on Research in Networking},
  year      = {2005},
  pages     = {549},
  doi       = {10.1007/11422778_44},
}

@Article{bib:li2018quantum,
  author  = {Li, Richard Y. and Di Felice, Rosa and Rohs, Remo and Lidar, Daniel A.},
  title   = {Quantum annealing versus classical machine learning applied to a simplified computational biology problem},
  journal = {NPJ Quantum Information},
  year    = {2018},
  volume  = {4},
  pages   = {14},
  doi     = {10.1038/s41534-018-0060-8},
  eprint  = {arXiv:1803.00135v1},
}

@Article{bib:denchev2016computational,
  author  = {Denchev, Vasil S. and Boixo, Sergio and Isakov, Sergei V. and Ding, Nan and Babbush, Ryan and Smelyanskiy, Vadim and Martinis, John and Neven, Hartmut},
  title   = {What is the computational value of finite-range tunneling?},
  journal = {Physical Review X},
  year    = {2016},
  volume  = {6},
  pages   = {031015},
  doi     = {10.1103/physrevx.6.031015},
  eprint  = {arXiv:1512.02206v4},
}

@InProceedings{bib:huang2011adversarial,
  author    = {Huang, Ling and Joseph, Anthony D. and Nelson, Blaine and Rubinstein, Benjamin and Tygar, JD},
  title     = {Adversarial machine learning},
  booktitle = {Proceedings of the 4th ACM workshop on Security and artificial intelligence},
  year      = {2011},
  pages     = {43},
  doi       = {10.1145/2046684.2046692},
}

@article{bib:szegedy2013intriguing,
  title={Intriguing properties of neural networks},
  author={Szegedy, Christian and Zaremba, Wojciech and Sutskever, Ilya and Bruna, Joan and Erhan, Dumitru and Goodfellow, Ian and Fergus, Rob},
  eprint={arXiv:1312.6199},
  year={2013}
}

@InCollection{bib:kurakin2018adversarial,
  author    = {Kurakin, Alexey and Goodfellow, Ian and Bengio, Samy and Dong, Yinpeng and Liao, Fangzhou and Liang, Ming and Pang, Tianyu and Zhu, Jun and Hu, Xiaolin and Xie, Cihang and others},
  title     = {Adversarial attacks and defences competition},
  booktitle = {The NIPS'17 Competition: Building Intelligent Systems},
  publisher = {Springer},
  year      = {2018},
  pages     = {195},
  doi       = {10.1007/978-3-319-94042-7_11},
  eprint    = {arXiv:1804.00097v1},
}

@Article{bib:gilmer2018adversarial,
  author = {Gilmer, Justin and Metz, Luke and Faghri, Fartash and Schoenholz, Samuel S. and Raghu, Maithra and Wattenberg, Martin and Goodfellow, Ian},
  title  = {Adversarial spheres},
  year   = {2018},
  eprint = {arXiv:1801.02774},
}

@Article{bib:goodfellow2014explaining,
  author = {Goodfellow, Ian J. and Shlens, Jonathon and Szegedy, Christian},
  title  = {Explaining and harnessing adversarial examples},
  year   = {2014},
  eprint = {arXiv:1412.6572},
}

@Article{bib:mahloujifar2018curse,
  author = {Mahloujifar, Saeed and Diochnos, Dimitrios I. and Mahmoody, Mohammad},
  title  = {The curse of concentration in robust learning: Evasion and poisoning attacks from concentration of measure},
  year   = {2018},
  eprint = {arXiv:1809.03063},
}

@Book{bib:white2012hadoop,
  title     = {Hadoop: The definitive guide},
  publisher = {O'Reilly},
  year      = {2012},
  author    = {White, Tom},
}

@InProceedings{bib:shanahan2015large,
  author    = {Shanahan, James G. and Dai, Laing},
  title     = {Large scale distributed data science using apache spark},
  booktitle = {Proceedings of the 21th ACM SIGKDD international conference on knowledge discovery and data mining},
  year      = {2015},
  pages     = {2323},
  doi       = {10.1145/2783258.2789993},
}

@Book{bib:bishop2006pattern,
  title     = {Pattern recognition and machine learning},
  publisher = {Springer},
  year      = {2006},
  author    = {Bishop, Christopher M.},
  doi       = {10.1198/tech.2007.s518},
}

@book{bib:shalev2014understanding,
  title={Understanding machine learning: From theory to algorithms},
  author={Shalev-Shwartz, Shai and Ben-David, Shai},
  year={2014},
  publisher={Cambridge University Press}
}

@Book{bib:marsland2011machine,
  title     = {Machine learning: an algorithmic perspective},
  publisher = {Chapman and Hall/CRC},
  year      = {2011},
  author    = {Marsland, Stephen},
  doi       = {10.1201/9781420067194},
}

@book{bib:flach2012machine,
  title={Machine learning: the art and science of algorithms that make sense of data},
  author={Flach, Peter},
  year={2012},
  publisher={Cambridge University Press}
}

@Misc{bib:trevor2009elements,
  author    = {Trevor Hastie and Robert Tibshirani and J. H. Friedman},
  title     = {The elements of statistical learning: data mining, inference, and prediction},
  year      = {2009},
  publisher = {Springer},
}

@Article{bib:kane2017communication,
  author = {Kane, Daniel M. and Livni, Roi and Moran, Shay and Yehudayoff, Amir},
  title  = {On communication complexity of classification problems},
  year   = {2017},
  eprint = {arXiv:1711.05893},
}

@InProceedings{bib:balcan2012distributed,
  author    = {Balcan, Maria Florina and Blum, Avrim and Fine, Shai and Mansour, Yishay},
  title     = {Distributed learning, communication complexity and privacy},
  booktitle = {Conference on Learning Theory},
  year      = {2012},
  pages     = {26},
  eprint    = {arXiv:1204.3514v3},
}

@InProceedings{bib:conitzer2004communication,
  author    = {Conitzer, Vincent and Sandholm, Tuomas},
  title     = {Communication complexity as a lower bound for learning in games},
  booktitle = {ACM Proceedings of the twenty-first international conference on Machine learning},
  year      = {2004},
  pages     = {24},
  doi       = {10.1145/1015330.1015351},
}

@article{bib:chia2018quantum,
  title={Quantum-inspired sublinear classical algorithms for solving low-rank linear systems},
  author={Chia, Nai-Hui and Lin, Han-Hsuan and Wang, Chunhao},
  eprint={arXiv:1811.04852},
  year={2018}
}

@article{bib:tang2018quantum,
  title={Quantum-inspired classical algorithms for principal component analysis and supervised clustering},
  author={Tang, Ewin},
  eprint={arXiv:1811.00414},
  year={2018}
}

@Article{bib:gilyen2018quantum,
  author = {Gily{\'e}n, Andr{\'a}s and Lloyd, Seth and Tang, Ewin},
  title  = {Quantum-inspired low-rank stochastic regression with logarithmic dependence on the dimension},
  year   = {2018},
  eprint = {arXiv:1811.04909},
}

@Article{bib:Tang2018,
  author = {Tang, Ewin},
  title  = {A quantum-inspired classical algorithm for recommendation systems},
  year   = {2018},
  eprint = {arXiv:1807.04271},
}

@Article{bib:moll2018quantum,
  author  = {Moll, Nikolaj and Barkoutsos, Panagiotis and Bishop, Lev S. and Chow, Jerry M. and Cross, Andrew and Egger, Daniel J. and Filipp, Stefan and Fuhrer, Andreas and Gambetta, Jay M. and Ganzhorn, Marc and others},
  title   = {Quantum optimization using variational algorithms on near-term quantum devices},
  journal = {Quantum Science and Technology},
  year    = {2018},
  volume  = {3},
  pages   = {030503},
  doi     = {10.1088/2058-9565/aab822},
  eprint  = {arXiv:1710.01022v2},
}

@Article{bib:yoo2014quantum,
  author  = {Yoo, Seokwon and Bang, Jeongho and Lee, Changhyoup and Lee, Jinhyoung},
  title   = {A quantum speedup in machine learning: finding an N-bit Boolean function for a classification},
  journal = {New Journal of Physics},
  year    = {2014},
  volume  = {16},
  pages   = {103014},
  doi     = {10.1088/1367-2630/16/10/103014},
  eprint  = {arXiv:1303.6055v4},
}

@Article{bib:peruzzo2014peruzzo,
  author  = {A. Peruzzo and J. McClean and P. Shadbolt and M.-H. Yung and X.-Q. Zhou and P. J. Love and A. Aspuru-Guzik and J. L. O'Brien},
  journal = {Nature Communications},
  year    = {2014},
  volume  = {5},
  pages   = {4213},
}

@article{bib:farhi2014quantum,
  title={A quantum approximate optimization algorithm},
  author={Farhi, Edward and Goldstone, Jeffrey and Gutmann, Sam},
  eprint={arXiv:1411.4028},
  year={2014}
}

@Article{bib:kandala2017hardware,
  author  = {Kandala, Abhinav and Mezzacapo, Antonio and Temme, Kristan and Takita, Maika and Brink, Markus and Chow, Jerry M. and Gambetta, Jay M.},
  title   = {Hardware-efficient variational quantum eigensolver for small molecules and quantum magnets},
  journal = {Nature},
  year    = {2017},
  volume  = {549},
  pages   = {242},
  doi     = {10.1038/nature23879},
  eprint  = {arXiv:1704.05018v2},
}

@Article{bib:farhi2016quantum,
  author = {Farhi, Edward and Harrow, Aram W.},
  title  = {Quantum supremacy through the quantum approximate optimization algorithm},
  year   = {2016},
  eprint = {arXiv:1602.07674},
}

@Article{bib:wan2017quantum,
  author  = {Wan, Kwok Ho and Dahlsten, Oscar and Kristj{\'a}nsson, Hl{\'e}r and Gardner, Robert and Kim, M. S.},
  title   = {Quantum generalisation of feedforward neural networks},
  journal = {NPJ Quantum Information},
  year    = {2017},
  volume  = {3},
  pages   = {36},
  doi     = {10.1038/s41534-017-0032-4},
}

@Article{bib:mitarai2018quantum,
  author  = {Mitarai, Kosuke and Negoro, Makoto and Kitagawa, Masahiro and Fujii, Keisuke},
  title   = {Quantum circuit learning},
  journal = {Physical Review A},
  year    = {2018},
  volume  = {98},
  pages   = {032309},
  doi     = {10.1103/physreva.98.032309},
  eprint  = {arXiv:1803.00745v2},
}

@article{bib:benedetti2018generative,
  title={A generative modeling approach for benchmarking and training shallow quantum circuits},
  author={Benedetti, Marcello and Garcia-Pintos, Delfina and Perdomo, Oscar and Leyton-Ortega, Vicente and Nam, Yunseong and Perdomo-Ortiz, Alejandro},
  eprint={arXiv:1801.07686},
  year={2018}
}

@Article{bib:cheng2018information,
  author  = {Cheng, Song and Chen, Jing and Wang, Lei},
  title   = {Information perspective to probabilistic modeling: Boltzmann machines versus born machines},
  journal = {Entropy},
  year    = {2018},
  volume  = {20},
  pages   = {583},
  doi     = {10.3390/e20080583},
  eprint  = {arXiv:1712.04144v1},
}

@Article{bib:dunjko2016quantum,
  author  = {Dunjko, Vedran and Taylor, Jacob M. and Briegel, Hans J.},
  title   = {Quantum-enhanced machine learning},
  journal = {Physical Review Letters},
  year    = {2016},
  volume  = {117},
  pages   = {130501},
  doi     = {10.1103/physrevlett.117.130501},
  eprint  = {arXiv:1610.08251v1},
}

@InProceedings{bib:kapoor2016quantum,
  author    = {Kapoor, Ashish and Wiebe, Nathan and Svore, Krysta},
  title     = {Quantum perceptron models},
  booktitle = {Advances in Neural Information Processing Systems},
  year      = {2016},
  pages     = {3999},
  eprint    = {arXiv:1602.04799v1},
}

@article{bib:brassard2003quantum,
  title={Quantum communication complexity},
  author={Brassard, Gilles},
  journal={Foundations of Physics},
  volume={33},
  pages={1593},
  year={2003}}

@Article{bib:biamonte2017quantum,
  author  = {Biamonte, Jacob and Wittek, Peter and Pancotti, Nicola and Rebentrost, Patrick and Wiebe, Nathan and Lloyd, Seth},
  title   = {Quantum machine learning},
  journal = {Nature},
  year    = {2017},
  volume  = {549},
  pages   = {195},
  doi     = {10.1038/nature23474},
  eprint  = {arXiv:1611.09347v2},
}

@Article{bib:ciliberto2018quantum,
  author  = {Ciliberto, Carlo and Herbster, Mark and Ialongo, Alessandro Davide and Pontil, Massimiliano and Rocchetto, Andrea and Severini, Simone and Wossnig, Leonard},
  title   = {Quantum machine learning: a classical perspective},
  journal = {Proceedings of the Royal Society A: Mathematical, Physical and Engineering Sciences},
  year    = {2018},
  volume  = {474},
  pages   = {20170551},
  doi     = {10.1098/rspa.2017.0551},
  eprint  = {arXiv:1707.08561v3},
}

@Article{bib:harrow2009quantum,
  author  = {Harrow, Aram W. and Hassidim, Avinatan and Lloyd, Seth},
  title   = {Quantum algorithm for linear systems of equations},
  journal = {Physical Review Letters},
  year    = {2009},
  volume  = {103},
  pages   = {150502},
  doi     = {10.1103/physrevlett.103.150502},
}

@Article{bib:lloyd2014quantum,
  author  = {Lloyd, Seth and Mohseni, Masoud and Rebentrost, Patrick},
  title   = {Quantum principal component analysis},
  journal = {Nature Physics},
  year    = {2014},
  volume  = {10},
  pages   = {631},
  doi     = {10.1038/nphys3029},
  eprint  = {arXiv:1307.0401v2},
}

@Article{bib:alexey,
  author  = {Alexey A. Melnikov and Hendrik Poulsen Nautrup and Mario Krenn and Vedran Dunjko and Markus Tiersch and Anton Zeilinger and Hans J. Briegel},
  title   = {Active learning machine learns to create new quantum experiments},
  journal = {Proceedings of the National Academy of Sciences},
  year    = {2018},
  volume  = {115},
  pages   = {1221},
  doi     = {10.1073/pnas.1714936115},
  eprint  = {arXiv:1706.00868v3},
}

@Article{bib:joe,
  author  = {Joseph F. Fitzsimons and Elham Kashefi},
  title   = {Unconditionally verifiable blind quantum computation},
  journal = {Physical Review A},
  year    = {2017},
  volume  = {96},
  pages   = {012303},
  doi     = {10.1103/physreva.96.012303},
}

@Article{bib:sasaki1,
  author  = {Masahide Sasaki and Alberto Carlini and Richard Jozsa},
  title   = {Quantum template matching},
  journal = {Physical Review A},
  year    = {2001},
  volume  = {64},
  pages   = {022317},
  doi     = {10.1103/physreva.64.022317},
}

@Article{bib:sasaki2,
  author  = {Masahide Sasaki and Alberto Carlini},
  title   = {Quantum learning and universal quantum matching machine},
  journal = {Physical Review A},
  year    = {2002},
  volume  = {66},
  pages   = {022303},
  doi     = {10.1103/physreva.66.022303},
  eprint  = {arXiv:quant-ph/0202173v1},
}

@Article{bib:liu2018quantum,
  author  = {Liu, Nana and Rebentrost, Patrick},
  title   = {Quantum machine learning for quantum anomaly detection},
  journal = {Physical Review A},
  year    = {2018},
  volume  = {97},
  pages   = {042315},
  doi     = {10.1103/physreva.97.042315},
  eprint  = {arXiv:1710.07405v1},
}

@Article{bib:gael1,
  author  = {Gael SentÃ­s and Emilio Bagan and John Calsamiglia and Giulio Chiribella and Ramon Munoz-Tapia},
  title   = {Quantum change point},
  journal = {Physical Review Letters},
  year    = {2016},
  volume  = {117},
  pages   = {150502},
  doi     = {10.1103/physrevlett.117.150502},
  eprint  = {arXiv:1605.01916v3},
}

@Article{bib:gael2,
  author  = {Shang Yu and Chang-Jiang Huang and Jian-Shun Tang and Zhih-Ahn Jia and Yi-Tao Wang and Zhi-Jin Ke and Wei Liu and Xiao Liu and Zong-Quan Zhou and Ze-Di Cheng and Jin-Shi Xu and Yu-Chun Wu and Yuan-Yuan Zhao and Guo-Yong Xiang and Chuan-Feng Li and Guang-Can Guo and Gael SentÃ­s and Ramon MuÃ±oz-Tapia},
  title   = {Experimentally detecting a quantum change point via the Bayesian inference},
  journal = {Physical Review A},
  year    = {2018},
  volume  = {98},
  number  = {4},
  pages   = {040301},
  doi     = {10.1103/physreva.98.040301},
  eprint  = {arXiv:1801.07508v1},
}

@Article{bib:sara,
  author  = {Satoshi Hara and Takafumi Ono and Ryo Okamoto and Takashi Washio and Shigeki Takeuchi},
  title   = {Anomaly Detection in Reconstructed Quantum States Using a Machine-Learning Technique},
  journal = {Physical Review A},
  year    = {2014},
  volume  = {89},
  pages   = {022104},
  doi     = {10.1103/physreva.89.022104},
  eprint  = {arXiv:1401.4785v1},
}

@Comment{jabref-meta: databaseType:bibtex;}

{bib:jonromero,
  title={Quantum autoencoders for efficient compression of quantum data},
  author={Jonathan Romero and Jonathan P. Olson and Alan Aspuru-Guzik}
  journal={Quantum Science \& Technology},
  volume={2},
  year={2017}
}
