@misc{bib:MagiQ,
	title = "{MagiQ Technologies}", 
	year = "2016",
	howpublished = "\url{http://www.magiqtech.com}"}

@misc{bib:IDQuant,
	title = "{ID Quantique}", 
	year = "2016",
	howpublished = "\url{http://www.idquantique.com}"}

@article{bib:NielsenDawson04,
    author = "M. A. Nielsen and C. M. Dawson",
    title  = "Fault-tolerant quantum computation with cluster states",
    year   = "2005",
    journal = "Phys. Rev. A",
    volume = "71",
    pages = "042323"}
    
@article{bib:Dawson06,
    author  = "Christopher M. Dawson and Henry L. Haselgrove and Michael A. Nielsen",
    title   = "Noise thresholds for optical cluster-state quantum computation",
    year    = "2006",
    journal = "Phys. Rev. A",
    volume  = "73",
    pages   = "052306"}

@article{bib:FowlerPrivate,
	author = "Austin Fowler",
	journal = "Private communication",
	year = "2016"}
	
@article{bib:Owens11,
    author = "J. O. Owens and M. A. Broome and D. N. Biggerstaff and M. E. Goggin and A. Fedrizzi and T. Linjordet and M. Ams and G. D. Marshall and J. Twamley and M. J. Withford and A. G. White",
    title = "Two-photon quantum walks in an elliptical direct-write waveguide array",
    year = "2011",
    journal = "New. J. Phys.",
    volume = "13",
    pages = "075003"}

@article{bib:Broome2012,
    author = "Broome, Matthew A. and Fedrizzi, Alessandro and Rahimi-Keshari, Saleh and Dove, Justin and Aaronson, Scott and Ralph, Timothy C. and White, Andrew G.",
    title = "Photonic Boson Sampling in a Tunable Circuit",
    year = "2013",
    journal = "Science",
    volume = "339",
    pages = "6121"}

@article{bib:Dowling08,
	author = "Jonathan P. Dowling",
	title = "Quantum optical metrology - the lowdown on high-NOON states",
	journal = "Contemp. Phys.",
	volume = "49",
	pages = "125",
	year = "2008",
}

@article{bib:Kok05,
	author = "P. Kok and W. J. Munro and K. Nemoto and T. C. Ralph and Jonathan P. Dowling and G. J. Milburn",
	title = "Linear optical quantum computing with photonic qubits",
	journal = "Rev. Mod. Phys.",
	volume = "79",
	pages = "135",
	year = "2005"
}

@article{bib:Cable07,
	author = "H. Cable and J. P. Dowling",
	title = "Efficient generation of large number-path entanglement using only linear optics and feed-forward",
	journal = "Phys. Rev. Lett.",
	volume = "99",
	pages = "163604",
	year = "2007"
}

@inproceedings{bib:Grover96,
	author = "L. K. Grover",
	title = "A fast quantum mechanical algorithm for database search",
	year = "1996",
	booktitle = "Proc. 28th ann. ACM symp. on Th. of comp.",
	pages = "212"
}

@article{bib:Spring2,
    author="Justin B. Spring and Benjamin J. Metcalf and Peter C. Humphreys and W. Steven Kolthammer and Xian-Min Jin and Marco Barbieri and Animesh Datta and Nicholas Thomas-Peter and Nathan K. Langford and Dmytro Kundys and James C. Gates and Brian J. Smith and Peter G. R. Smith and Ian A. Walmsley",
    title="Experimental Boson Sampling",
    year="2012",
    journal = "Science"}

@article{bib:Crespi3,
    author="A. Crespi and R. Osellame and R. Ramponi and D. J. Brod and E. F. Galvao and N. Spagnolo and C. Vitelli and E. Maiorino and P. Mataloni and F. Sciarrino",
    title="Experimental boson sampling in arbitrary integrated photonic circuits",
    year="2012",
    journal="Nature Phot.",
    volume = "7",
    pages = "545"}

@article{bib:Tillmann4,
    author="Max Tillmann and Borivoje Daki and Ren{' e} Heilmann and Stefan Nolte and Alexander Szameit and Philip Walther",
    title="Experimental Boson Sampling",
    year="2013",
    journal = "Nature Phot."}

@article{bib:PeruzzoQW,
    author = {Peruzzo, Alberto and Lobino, Mirko and Matthews, Jonathan C. F. and Matsuda, Nobuyuki and Politi, Alberto and Poulios, Konstantinos and Zhou, Xiao-Qi and Lahini, Yoav and Ismail, Nur and WÃ¶rhoff, Kerstin and Bromberg, Yaron and Silberberg, Yaron and Thompson, Mark G. and OBrien, Jeremy L.},
    title = {Quantum Walks of Correlated Photons},
    volume = {329},
    pages = {1500},
    year = {2010},
    journal = {Science}}

@article{bib:BarrettStaceFT,
    title = "Fault Tolerant Quantum Computation with Very High Threshold for Loss Errors",
    author = "Sean D. Barrett and Thomas M. Stace",
    year = "2010",
    journal = "Phys. Rev. Lett.",
    volume = "105",
    pages = "200502"}



@article{bib:StaceBarrettDohertyLoss,
    title = "Thresholds for Topological Codes in the Presence of Loss",
    author = "Thomas M. Stace and Sean D. Barrett and Andrew C. Doherty",
    journal = "Phys. Rev. Lett.",
    volume = "102",
    pages = "200501",
    year = "2009"}

@article{bib:Gross06,
	author  = "D. Gross and K. Kieling and J. Eisert",
	title   = "Potential and limits to cluster state quantum computing using probabilistic gates",
	year    = "2006",
	journal = "Phys. Rev. A",
	volume  = "74",
	pages   = "042343"}

@article{bib:BenjaminEisert05,
	author = "S. C. Benjamin and J. Eisert and T. M. Stace",
	title = "Optical generation of matter qubit graph states",
	year = "2005",
	journal = "New J. Phys.",
	volume = "7",
	pages = "194"}

@article{bib:blind2,
    title = "Blind Quantum Computation",
    author = "Pablo Arrighi and Louis Salvail",
    journal = "Int. J. of Quant. Inf.",
    volume = "4",
    year = "2006",
    pages = "883"}

@article{bib:blind3,
    title = "Universal blind quantum computation",
    author = "Anne Broadbent and Joseph Fitzsimons and Elham Kashefi",
    journal = "Proc. 50th Annual IEEE Symp. on Found. of Comp. Science (FOCS)",
    year = "2009",
    pages = "517"}

@article{bib:blind1,
    title = "Experimental Demonstration of Blind Quantum Computing",
    author = "Stefanie Barz and Elham Kashefi and Anne Broadbent and Joseph F. Fitzsimons and Anton Zeilinger and Philip Walther",
    journal = "Science",
    volume = "335",
    year = "2012",
    pages = "303"}

@article{bib:PhysRevLett.108.200502,
    title = {Blind Quantum Computing with Weak Coherent Pulses},
    author = {Dunjko, Vedran and Kashefi, Elham and Leverrier, Anthony},
    journal = {Phys. Rev. Lett.},
    volume = {108},
    pages = {200502},
    year = {2012}}

@article{bib:Morimae3486,
    author = "Tomoyuki Morimae and Vedran Dunjko and Elham Kashefi",
    title = "Ground state blind quantum computation on AKLT state",
    year = "2015",
    journal = "QIC",
    volume = "15",
    pages = "0200"}
        
@article{bib:Morimae5460,
    author = "Tomoyuki Morimae and Keisuke Fujii",
    title = "Blind topological measurement-based quantum computation",
    year = "2013",
    journal = "Phys. Rev. A",
    volume = "87",
    pages = "050301(R)"}

@article{bib:Morimae3966,
    author = "Tomoyuki Morimae and Keisuke Fujii",
    title = "Blind quantum computation for Alice who does only measurements",
    year = "2013",
	journal = "Phys. Rev. A",
	volume = "87",
	pages = "050301(R)"}

@article{bib:Salvador12,
    title = "Quantum walks: a comprehensive review",
    author = "Salvador E. Venegas-Andraca",
    journal = "QIP",
    volume = "11",
    pages = "1015",
    year = "2012"}

@inproceedings{bib:gentry2009fully,
  title={Fully homomorphic encryption using ideal lattices},
  author={Gentry, C.},
  booktitle={Proc. 41st ann. ACM symp. on Th. of comp.},
  pages={169},
  year={2009}}

@article{bib:van2010fully,
  title={Fully homomorphic encryption over the integers},
  author={Van Dijk, M. and Gentry, C. and Halevi, S. and Vaikuntanathan, V.},
  journal={Advances in Cryptology--EUROCRYPT 2010},
  pages={24},
  year={2010}}

@article{bib:Pan01,
    author  = "Jian-Wei Pan and Christoph Simon and {\u C}aslav Brukner and Anton Zeilinger",
    title   = "Entanglement purification for quantum communication",
    year    = "2001",
    journal = "Nature",
    volume  = "410",
    pages   = "1067"}

@article{bib:Dijkstra59,
    author = "E. W. Dijkstra",
    title = "A Note on Two Problems in Connection with Graphs",
    journal = "Numerische Math.",
    year = "1959",
    volume = "1",
    pages = "269"}

@article{bib:Boruvka26,
    author = "Otakar Boruvka",
    title = "About a certain minimal problem",
    journal = "O Prace mor. prirodoved. spol. v Brne III",
    year = "1926",
    volume = "3",
    pages = "37"}

@article{bib:ScottLost16,
    author = "Scott Aaronson and Daniel J. Brod",
    title = "BosonSampling with lost photons",
    journal = "Phys. Rev. A",
    volume = "93",
    pages = "012335",
    year = "2016"}

@article{bib:MORDOR15,
	author = "Keith R. Motes and Jonathan P. Olson and Evan J. Rabeaux and Jonathan P. Dowling and S. Jay Olson and Peter P. Rohde",
	title = "Linear Optical Quantum Metrology with Single Photons: Exploiting Spontaneously Generated Entanglement to Beat the Shot-Noise Limit",
	year = "2015",
	journal = "Phys. Rev. Lett.",
	volume = "114",
	pages = "170802"}

@article{bib:RohdeLoopMulti15,
	author = "Peter P. Rohde and L. G. Helt and M. J. Steel and Alexei Gilchrist",
	title = "Multiplexed single-photon state preparation using a fibre-loop architecture",
	year = "2015",
	journal = "Phys. Rev. A",
	volume = "92",
	pages = "053829"}

@article{bib:RohdeOptPhot05,
	author = "Peter P. Rohde and Timothy C. Ralph and Michael A. Nielsen",
	title = "Optimal photons for quantum information processing",
	year = "2005",
	journal = "Phys. Rev. A",
	volume = "72",
	pages = "052332"}

 @article{bib:RohdeGateChar05,
	author = "Peter P. Rohde and G. J. Pryde and J. L. O'Brien and Timothy C. Ralph",
	title = "Quantum-gate characterization in an extended Hilbert space",
	year = "2005",
	journal = "Phys. Rev. A",
	volume = "72",
	pages = "032306"}

@article{bib:RohdeArbSpec15,
	author = "Peter P. Rohde",
	title = "Boson-sampling with photons of arbitrary spectral structure",
	year = "2015",
	journal = "Phys. Rev. A",
	volume = "91",
	pages = "012307"}

@article{bib:BodiyaDuan06,
    author  = "T. P. Bodiya and L.-M. Duan",
    title   = "Scalable generation of graph-state entanglement through realistic linear optics",
    year    = "2006",
    eprint  = "quant-ph/0605058"
}

@article{bib:Boumeester97,
    author  = "Dik Boumeester and Jian-Wei Pan and Klaus Mattle and Manfred Eibl and Harald Weinfurter and Anton Zeilinger",
    title   = "Experimental quantum teleportation",
    year    = "1997",
    journal = Nature,
    volume  = "390",
    pages   = "575"
}

@book{bib:NielsenChuang00,
    author    = "M. A. Nielsen and I. L. Chuang",
    title     = "Quantum Computation and Quantum Information",
    year      = "2000",
    publisher = "Cambridge University Press, Cambridge"}

@article{bib:BennetBrassard84,
    author    = "C. H. Bennett and G. Brassard",
    title     = "Quantum cryptography: public key distribution and coin tossing",
    year      = "1984",
    journal   = "Proc. of IEEE Int. Conf. on Computers, Systems and Signal Processing",
    pages     = "175",
    publisher = "IEEE, New York"}

@article{bib:Ekert96,
	author  = "Artur Ekert and Chiara Macchiavello",
	title   = "Quantum Error Correction for Communication",
	year    = "1996",
	journal = PRL,
	volume  = "77",
	pages   = "2585"
}

@article{bib:Feynman85,
	author  = "Richard P. Feynman",
	title   = "Quantum mechanical computers",
	year = "1985",
	journal = FoundPhys,
	volume  = "16",
	pages   = "507"
}

@article{bib:Ekert04,
    author = "A. Ekert and P. Hayden and H. Inamori",
    title  = "Basic concepts in quantum computation",
    year   = "2004",
    eprint = "quant-ph/0011013"
}

@article{bib:RohdeArbLow12,
	author = "Peter P. Rohde",
	title = "Optical quantum computing with photons of arbitrarily low fidelity and purity",
	year = "2012",
	journal = "Phys. Rev. A",
	volume = "86",
	pages = "052321"}

@article{bib:RohdeSPDC13,
	author = "Keith R. Motes and Jonathan P. Dowling and Peter P. Rohde",
	title = "Spontaneous parametric down-conversion photon sources are scalable in the asymptotic limit for boson-sampling",
	year = "2013",
	journal = "Phys. Rev. A",
	volume = "88",
	pages = "063822"}

@article{bib:Ekert91,
    author  = "Artur K. Ekert",
    title   = "Quantum cryptography based on Bell's theorem",
    year    = "1991",
    journal = "Phys. Rev. Lett.",
    volume  = "67",
    pages   = "661"}

@article{bib:RohdeQWExp12,
	author = "Andreas Schreiber and Aurel Gabris and Peter P. Rohde and Kaisa Laiho and Martin Stefanak and Vaclav Potocek and Craig Hamilton and Igor Jex and Christine Silberhorn",
	title = "A 2D Quantum Walk Simulation of Two-Particle Dynamics",
	year = "2012",
	journal = "Science",
	volume = "336",
	pages = "55"}

@article{bib:Broome10,
    author = "M. A. Broome and A. Fedrizzi and B. P. Lanyon and I. Kassal and A. Aspuru-Guzik and A. G. White",
    title = "Discrete single-photon quantum walks with tunable decoherence",
    year = "2010",
    journal = "Phys. Rev. Lett.",
    volume = "104",
    pages = "153602"}

@article{bib:Schreiber11b,
	author = "A. Schreiber and K. N. Cassemiro and V. Potocek and A. Gabris and I. Jex and Ch. Silberhorn",
	journal = "Phys. Rev. Lett.",
	pages = "180403",
	title = "Decoherence and disorder in quantum walks: From ballistic spread to localization",
	volume = "106",
	year = "2011"}

@article{bib:RohdeErrBS12,
	author = "Peter P. Rohde and Timothy C. Ralph",
	title = "Error tolerance of the BosonSampling model for linear optics quantum computing",
	year = "2012",
	journal = "Phys. Rev. A",
	volume = "85",
	pages = "022332"}

@article{bib:RohdeStratCS07,
	author = "Peter P. Rohde and Sean D. Barrett",
	title = "Strategies for the preparation of large cluster states using non-deterministic gates",
	year = "2007",
	journal = "New J. Phys.",
	volume = "9",
	pages = "198"}

@article{bib:RohdeTimeRes11,
	author = "Peter P. Rohde and Timothy C. Ralph",
	title = "Time-resolved detection and mode-mismatch in a linear optics quantum gate",
	year = "2011",
	journal = "New J. Phys.",
	volume = "13",
	pages = "053036"}

@article{bib:Gilchrist05,
    author  = "Alexei Gilchrist and Nathan K.Langford and Michael A. Nielsen",
    title   = "Distance measures to compare real and ideal quantum processes",
    year    = "2005",
    journal = "Phys. Rev. A",
    volume  = "71",
    pages   = "062310"}

@article{bib:ChuangNielsen97,
    author  = "I. L. Chuang and M. A. Nielsen",
    title   = "Prescription for experimental determination of the dynamics of a quantum black box",
    year    = "1997",
    journal = "J. Mod. Opt.",
    volume  = "44",
    pages   = "2455"}

@article{bib:HOM87,
    author  = "C. K. Hong and Z. Y. Ou and L. Mandel",
    title   = "Measurement of sub-picosecond time intervals between two photons by interference",
    year    = "1987",
    journal = "Phys. Rev. Lett.",
    volume  = "59",
    pages   = "2044"}

@article{bib:Kieling06,
    author  = "K. Kieling and D. Gross and J. Eisert",
    title   = "Minimal resources for linear optical one-way computing",
    year    = "2006",
    journal = "J. Opt. Soc. Am. B",
    volumne = "24",
    pages = "184"}

@article{bib:KielingRudolphEisert06,
	author = "K. Kieling and T. Rudolph and J. Eisert",
	title  = "Percolation, renormalization, and quantum computing with non-deterministic gates",
	year   = "2006",
	journal = "Phys. Rev. Lett.",
	volume = "99",
	pages = "130501"}

@article{bib:RohdeBarrett07,
	author = "Peter P. Rohde and Sean D. Barrett",
	title   = "Strategies for the preparation of large cluster states using non-deterministic gates",
	year  = "2007",
	journal = "New J. Phys.",
	volume = "9",
	pages = "198"}

@article{bib:RohdeInfCap13,
	author = "Peter P. Rohde and Joseph F. Fitzsimons and Alexei Gilchrist",
	title = "The information capacity of a single photon",
	year = "2013",
	journal = "Phys. Rev. A",
	volume = "88",
	pages = "022310"}

@article{bib:RohdeMauererSilberhorn07,
	author = "Peter P. Rohde and Wolfgang Mauerer and Christine Silberhorn",
	title  = "Spectral structure and decompositions of optical states, and their applications",
	year   = "2007",
	journal = "New. J. Phys.",
	volume = "9",
	pages = "91"}

@article{bib:Shor95,
	author = "Peter W. Shor",
	title = "Scheme for reducing decoherence in quantum computer memory",
	year = "1995",
	journal = "Phys. Rev. A",
	volume = "52",
	pages = "R2493"}

@article{bib:Secret,
    author = "Secret",
    title = "No Such Agency",
    year = "2055",
    journal = "Shhhhh"
}

@article{bib:CalderbankShor96,
	author = "A. R. Calderbank and Peter W. Shor",
	title = "Good quantum error-correcting codes exist",
	year = "96",
	journal = "Phys. Rev. A",
	volume = "54",
	pages = "1098"}

@inproceedings{bib:ShorFactor,
	author = "Peter W. Shor",
	booktitle = "Proc. 35th Ann. Symp. on Found. of Comp. Sci.",
	title = "Algorithms for quantum computation: discrete logarithms and factoring",
    year = "1994",
	pages ="124"}

@article{bib:RohdeAtEns10,
    title = "Scalable quantum computing with atomic ensembles",
    author = "Sean D. Barrett and Peter P. Rohde and Thomas M. Stace",
    journal = "New J. Phys.",
    year = "2010",
    volume = "12"}

@article{bib:Raussendorf01,
    author  = "R. Raussendorf and H. J. Briegel",
    title   = "A one-way quantum computer",
    year    = "2001",
    journal = "Phys. Rev. Lett.",
    volume  = "86",
    pages   = "5188"}

@article{bib:Raussendorf03,
    author  = "R. Raussendorf and D. E. Browne and H. J. Briegel",
    title   = "Measurement-based quantum computation on cluster states",
    year    = "2003",
    journal = "Phys. Rev. A",
    volume  = "68",
    pages   = "022312"}

@article{bib:BarrettKok05,
    author  = "Sean D. Barrett and Pieter Kok",
    title   = "Efficienct high-fidelity quantum computation using matter qubits and linear optics",
    year    = "2005",
    journal = "Phys. Rev. A",
    volume  = "71",
    pages   = "060310(R)"}

@article{bib:Gisin02,
    author  = "Nicolas Gisin and Gr\'egoire Ribordy and Wolfgang Tittel and Hugo Zbinden",
    title   = "Quantum cryptography",
    year    = "2002",
    journal = "Rev. Mod. Phys.",
    volume  = "74",
    pages   = "145"
}

@article{bib:Buttler00,
    author  = "W. T. Buttler and R. J. Hughes and S. K. Lamoreaux and G. L. Morgan and J. E. Nordholt and C. G. Peterson",
    title   = "Daylight quantum key distribution over 1.6km",
    year    = "2000",
    journal = "Phys. Rev. Lett.",
    volume  = "84",
    pages   = "5653"}

@book{bib:KokLovettBook,
    author = "Pieter Kok and Brendon W. Lovett",
    title = "Introduction to Optical Quantum Information Processing",
    year = "2010",
    publisher = "Cambridge University Press, Cambridge"}

@article{bib:OBrien03,
    author  = "J. L. O'Brien and G. J. Pryde and A. G. White and T. C. Ralph and D. Branning",
    title   = "Demonstration of an all-optical quantum controlled-NOT gate",
    year    = "2003",
    journal = Nature,
    volume  = "426",
    pages   = "264"
}

@article{bib:BrowneRudolph05,
    author  = "Daniel E. Browne and Terry Rudolph",
    title   = "Resource-efficient linear optics quantum computation",
    year    = "2005",
    journal = "Phys. Rev. Lett.",
    volume  = "95",
    pages   = "010501"}

@article{bib:RohdeLoop15,
	author = "Keith R. Motes and Jonathan P. Dowling and Alexei Gilchrist and Peter P. Rohde",
	title = "Implementing Scalable Boson Sampling with Time-Bin Encoding: Analysis of Loss, Mode Mismatch, and Time Jitter",
	year = "2015",
	journal = "Phys. Rev. A",
	volume = "92",
	pages = "052319"}
	
@article{bib:RohdeMultiWalk11,
	author = "Peter P. Rohde and Andreas Schreiber and Martin Stefanak and Igor Jex and Christine Silberhorn",
	title = "Multi-walker discrete time quantum walks on arbitrary graphs, their properties, and their photonic implementation",
	year = "2011",
	journal = "New J. Phys.",
	volume = "13",
	pages = "013001"}
	
@article{bib:RohdeUnivLoop15,
	author = "Peter P. Rohde",
	title = "A simple scheme for universal linear optics quantum computing with constant experimental complexity using fiber-loops",
	year = "2015",
	journal = "Phys. Rev. A",
	volume = "91",
	pages = "012306"}
	
@article{bib:Menicucci06,
	author  = "N. C. Menicucci and P. Van loock and M. Gu and C. Weedbrook and T. C. Ralph and M. A. Nielsen",
	title   = "Universal quantum computation with continuous-variable cluster states",
	journal = "Phys. Rev. Lett.",
	year    = "2006",
	volume  = "97",
	pages   = "110501"}

@article{bib:Nielsen04,
    author  = "M. A. Nielsen",
    title   = "Optical quantum computation using cluster states",
    year    = "2004",
    journal = "Phys. Rev. Lett.",
    volume  = "93",
    pages   = "040503"}

@article{bib:Nielsen06,
    author  = "M. A. Nielsen",
    title   = "Cluster-state quantum computation",
	year    = "2006",
	journal = "Rep. Math. Phys.",
	volume  = "57",
	pages   = "147"}

@article{bib:RandBS,
	title = "Boson Sampling from Gaussian States",
	author = "A. P. Lund and A. Laing and S. Rahimi-Keshari and T. Rudolph and J. L O'Brien and T. C. Ralph",
	year = "2014",
	journal = "Phys. Rev. Lett.",
	volume = "113",
	pages = "100502"
}

@article{bib:UniversalLOOBrien,
    title = "Universal linear optics",
    author = "Jacques Carolan and Christopher Harrold and Chris Sparrow and Enrique Mart{\' i}n-L{\' o}pez and Nicholas J. Russell and Joshua W. Silverstone and Peter J. Shadbolt and Nobuyuki Matsuda and Manabu Oguma and Mikitaka Itoh and Graham D. Marshall and Mark G. Thompson and Jonathan C. F. Matthews and Toshikazu Hashimoto and Jeremy L. O’Brien and Anthony Laing",
    journal = "Science",
    year = "2015",
    volume = "349",
    pages = "711"}

@article{bib:AaronsonArkhipov10,
    author = "Scott Aaronson and Alex Arkhipov",
    title = "The Computational Complexity of Linear Optics",
    journal = "Proc. ACM STOC (New York)",
    pages = "333",
    year = "2011"
    }

@article{bib:KLM01,
    author  = "E. Knill and R. Laflamme and G. Milburn",
    title   = "A scheme for efficient quantum computation with linear optics",
    year    = "2001",
    journal = "Nature",
    volume  = "409",
    pages   = "46"}

@article{bib:Raussendorf01,
    author  = "R. Raussendorf and H. J. Briegel",
    title   = "A one-way quantum computer",
    year    = "2001",
    journal = "Phys. Rev. Lett.",
    volume  = "86",
    pages   = "5188"}

@article{bib:Raussendorf03,
    author  = "R. Raussendorf and D. E. Browne and H. J. Briegel",
    title   = "Measurement-based quantum computation on cluster states",
    year    = "2003",
    journal = "Phys. Rev. A",
    volume  = "68",
    pages   = "022312"}

@article{bib:RohdeRalph06,
    author  = "Peter P. Rohde and Timothy C. Ralph",
    title   = "Error models for mode-mismatch in linear optics quantum computing",
    year    = "2006",
    journal = "Phys. Rev. A",
    volume  = "73",
    pages   = "062312"}

@article{bib:RohdeOptEntPur06,
	author = "Peter P. Rohde and Timothy C. Ralph and William J. Munro",
	title = "Practical limitations in optical entanglement purification",
	year = "2006",
	journal = "Phys. Rev. A",
	volume = "73",
	pages = "030301(R)"}

@article{bib:RohdeIntroBS15,
	author = "Bryan T. Gard and Keith R. Motes and Jonathan P. Olson and Peter P. Rohde and Jonathan P. Dowling",
	title = "An introduction to boson-sampling",
	year = "2015",
	journal = "Ch. 8, in: From Atomic to Mesoscale: The Role of Quantum Coherence in Systems of Various Complexities, Publisher: World Scientific Publishing Co"}

@article{bib:RohdeFreqTemp05,
	author = "Peter P. Rohde and Timothy C. Ralph",
	title = "Frequency and temporal effects in linear optical quantum computing",
	year = "2005",
	journal = "Phys. Rev. A",
	volume = "71",
	pages = "032320"}

@article{bib:RohdePhotAdd15,
	author = "Jonathan P. Olson and Kaushik P. Seshadreesan and Keith R. Motes and Peter P. Rohde and Jonathan P. Dowling",
	title = "Sampling arbitrary photon-added or photon-subtracted squeezed states is in the same complexity class as boson sampling",
	year = "2015",
	journal = "Phys. Rev. A",
	volume = "91",
	pages = "022317"}

@article{bib:RohdeModPhotoDet06,
	author = "Peter P. Rohde and Timothy C. Ralph",
	title = "Modeling photo-detectors in quantum optics",
	year = "2006",
	journal = "J. Mod. Opt.",
	volume = "53",
	pages = "1589"}

@article{bib:RohdeDisp15,
	author = "Kaushik P. Seshadreesan and Jonathan P. Olson and Keith R. Motes and Peter P. Rohde and Jonathan P. Dowling",
	title = "Boson sampling with displaced single-photon Fock states versus single-photon-added coherent states - The quantum-classical divide and computational-complexity transitions in linear optics",
	year = "2015",
	journal = "Phys. Rev. A",
	volume = "91",
	pages = "022334"}

@article{bib:RohdeCat15,
	author = "Peter P. Rohde and Keith R. Motes and Paul Knott and Joseph Fitzsimons and William Munro and Jonathan P. Dowling",
	title = "Evidence for the conjecture that sampling generalized cat states with linear optics is hard",
	year = "2015",
	journal = "Phys. Rev. A",
	volume = "91",
	pages = "012342"}

@article{bib:OBrien03,
    author  = "J. L. O'Brien and G. J. Pryde and A. G. White and T. C. Ralph and D. Branning",
    title   = "Demonstration of an all-optical quantum controlled-NOT gate",
    year    = "2003",
    journal = "Nature",
    volume  = "426",
    pages   = "264"}

@article{bib:OBrien04,
    author  = "J. L. O'Brien and G. J. Pryde and A. Gilchrist and D. F. V. James and N. K. Langford and T. C. Ralph and A. G. White",
    title   = "Quantum process tomography of a controlled-NOT gate",
    year    = "2004",
    journal = "Phys. Rev. Lett.",
    volume  = "93",
    pages   = "080502"}

@article{bib:Reck94,
    title = "Experimental realization of any discrete unitary operator",
    author = "M. Reck and A. Zeilinger and H. J. Bernstein and P. Bertani",
    journal = "Phys. Rev. Lett.",
    volume = "73",
    pages = "58",
    year = "1994"}

@article{bib:RohdeCompDet07,
	author = "Peter P. Rohde and James G. Webb and Elanor H. Huntington and Timothy C. Ralph",
	title = "Comparison of architectures for approximating number-resolving photo-detection using non-number-resolving detectors",
	year = "2007",
	journal = "New J. Phys.",
	volume = "9",
	pages = "233"}

@article{bib:Banaszek03,
    author  = "K. Banaszek and I. Walmsley",
    title   = "Photon counting with loop detector",
    year    = "2003",
    journal = "Opt. Lett.",
    volume  = "28",
    pages   = "52"}

@article{bib:RohdeQWEnc12,
	author = "Peter P. Rohde and Joseph F. Fitzsimons and Alexei Gilchrist",
	title = "Quantum walks with encrypted data",
	year = "2012",
	journal = "Phys. Rev. Lett.",
	volume = "109",
	pages = "150501"}

@article{bib:Aharonov93,
	author = "Y. Aharonov and L. Davidovich and N. Zagury",
	journal = "Phys. Rev. A",
	volume = "48",
	pages = "1687",
	year = "1993"}

@article{bib:Childs09,
    author = "Andrew M. Childs",
    title = "Universal Computation by Quantum Walk",
    year = "2009",
    journal = "Phys. Rev. Lett.",
    volume = "102",
    pages = "180501"}

@article{bib:Peruzzo10,
	author = "Alberto Peruzzo and Mirko Lobino and Jonathan C. F. Matthews and Nobuyuki Matsuda and Alberto Politi and Konstantinos Poulios and Xiao-Qi Zhou and Yoav Lahini and Nur Ismail and Kerstin W{\"o}rhoff and Yaron Bromberg and Yaron Silberberg and Mark G. Thompson and Jeremy L. O'Brien",
	journal = "Science",
	pages = "500",
	title = "Quantum walks of correlated particles",
	volume = "329",
	year = "2010"}

@article{bib:RSA,
    author = "Rivest, R. and Shamir, A. and Adleman, L.",
    title = "A Method for Obtaining Digital Signatures and Public Key Cryptosystems.",
    journal = "Comm. ACM",
    volume = "21",
    pages = "120",
    year = "1978"}

@article{bib:Aharonov01,
	author = "D. Aharonov and A. Ambainis and J. Kempe and U. Vazirani",
	journal = "in Proc. 33rd An. ACM Symp. on Th. of Comp. STOC '01",
	year = "2001",
	pages = "50",
	}

@article{bib:Kempe03,
	author = "J. Kempe",
	journal = "Cont. Phys.",
	volume = "44",
	pages = "307",
	year = "2003"}
