@article{bravyi2018quantum,
  title={Quantum advantage with shallow circuits},
  author={Bravyi, Sergey and Gosset, David and Koenig, Robert},
  journal={Science},
  volume={362},
  number={6412},
  pages={308--311},
  year={2018},
  publisher={American Association for the Advancement of Science}
}

@article{bernstein1997quantum,
  title={Quantum complexity theory},
  author={Bernstein, Ethan and Vazirani, Umesh},
  journal={SIAM Journal on computing},
  volume={26},
  number={5},
  pages={1411--1473},
  year={1997},
  publisher={SIAM}
}