@article{preskill2018quantum,
  title={Quantum Computing in the NISQ era and beyond},
  author={Preskill, John},
  journal={arXiv preprint arXiv:1801.00862},
  year={2018}
}

@inproceedings{shor1994algorithms,
  title={Algorithms for quantum computation: Discrete logarithms and factoring},
  author={Shor, Peter W},
  booktitle={Foundations of Computer Science, 1994 Proceedings., 35th Annual Symposium on},
  pages={124--134},
  year={1994},
  organization={Ieee}
}


@article{farhi2014quantum,
  title={A quantum approximate optimization algorithm},
  author={Farhi, Edward and Goldstone, Jeffrey and Gutmann, Sam},
  journal={arXiv preprint arXiv:1411.4028},
  year={2014}
}


@article{mcclean2016theory,
  title={The theory of variational hybrid quantum-classical algorithms},
  author={McClean, Jarrod R and Romero, Jonathan and Babbush, Ryan and Aspuru-Guzik, Al{\'a}n},
  journal={New Journal of Physics},
  volume={18},
  number={2},
  pages={023023},
  year={2016},
  publisher={IOP Publishing}
}

  
@article{biamonte2017quantum,
  title={Quantum machine learning},
  author={Biamonte, Jacob and Wittek, Peter and Pancotti, Nicola and Rebentrost, Patrick and Wiebe, Nathan and Lloyd, Seth},
  journal={Nature},
  volume={549},
  number={7671},
  pages={195},
  year={2017},
  publisher={Nature Publishing Group}
}


@inproceedings{brandao2017quantum,
  title={Quantum speed-ups for solving semidefinite programs},
  author={Brandao, Fernando GSL and Svore, Krysta M},
  booktitle={Foundations of Computer Science (FOCS), 2017 IEEE 58th Annual Symposium on},
  pages={415--426},
  year={2017},
  organization={IEEE}
}


@article{brandao2017exponential,
  title={Exponential quantum speed-ups for semidefinite programming with applications to quantum learning},
  author={Brandao, Fernando GSL and Kalev, Amir and Li, Tongyang and Lin, Cedric Yen-Yu and Svore, Krysta M and Wu, Xiaodi},
  journal={arXiv preprint arXiv:1710.02581},
  year={2017}
}

@article{boixo2018characterizing,
  title={Characterizing quantum supremacy in near-term devices},
  author={Boixo, Sergio and Isakov, Sergei V and Smelyanskiy, Vadim N and Babbush, Ryan and Ding, Nan and Jiang, Zhang and Bremner, Michael J and Martinis, John M and Neven, Hartmut},
  journal={Nature Physics},
  volume={14},
  number={6},
  pages={595},
  year={2018},
  publisher={Nature Publishing Group}
}