@article{RevModPhys.90.015002,
  title = {Adiabatic quantum computation},
  author = {Albash, Tameem and Lidar, Daniel A.},
  journal = {Rev. Mod. Phys.},
  volume = {90},
  issue = {1},
  pages = {015002},
  numpages = {64},
  year = {2018},
  month = {Jan},
  publisher = {American Physical Society},
  doi = {10.1103/RevModPhys.90.015002},
  url = {https://link.aps.org/doi/10.1103/RevModPhys.90.015002}
}

@article{PhysRevA.65.042308,
  title = {Quantum search by local adiabatic evolution},
  author = {Roland, J\'er\'emie and Cerf, Nicolas J.},
  journal = {Phys. Rev. A},
  volume = {65},
  issue = {4},
  pages = {042308},
  numpages = {6},
  year = {2002},
  month = {Mar},
  publisher = {American Physical Society},
  doi = {10.1103/PhysRevA.65.042308},
  url = {https://link.aps.org/doi/10.1103/PhysRevA.65.042308}
}



@article{PhysRevLett.95.250503,
  title = {Adiabatic Quantum Computation in Open Systems},
  author = {Sarandy, M. S. and Lidar, D. A.},
  journal = {Phys. Rev. Lett.},
  volume = {95},
  issue = {25},
  pages = {250503},
  numpages = {4},
  year = {2005},
  month = {Dec},
  publisher = {American Physical Society},
  doi = {10.1103/PhysRevLett.95.250503},
  url = {https://link.aps.org/doi/10.1103/PhysRevLett.95.250503}
}