
@article{bib:RevModPhys.77.513,
  title = {Quantum information with continuous variables},
  author = {Braunstein, Samuel L. and van Loock, Peter},
  journal = {Rev. Mod. Phys.},
  volume = {77},
  pages = {513},
  year = {2005}
}

@article{bib:RevModPhys.84.621,
  title = {Gaussian quantum information},
  author = {Weedbrook, Christian and Pirandola, Stefano and Garc\'{\i}a-Patr\'on, Ra\'ul and Cerf, Nicolas J. and Ralph, Timothy C. and Shapiro, Jeffrey H. and Lloyd, Seth},
  journal = {Rev. Mod. Phys.},
  volume = {84},
  pages = {621},
  year = {2012}
}

@book{bib:helgason1962differential,
  title={Differential Geometry and Symmetric Spaces, page 316},
  author={Helgason, Sigurdur},
  volume={12},
  year={1962},
  publisher={Academic Press}
}


@article{bib:PhysRevLett.75.4337,
  title = {New High-Intensity Source of Polarization-Entangled Photon Pairs},
  author = {Kwiat, Paul G. and Mattle, Klaus and Weinfurter, Harald and Zeilinger, Anton and Sergienko, Alexander V. and Shih, Yanhua},
  journal = {Phys. Rev. Lett.},
  volume = {75},
  pages = {4337},
  year = {1995}
}


@article{bib:o2009photonic,
  title={Photonic quantum technologies},
  author={O'Brien, Jeremy L and Furusawa, Akira and Vu{\v{c}}kovi{\'c}, Jelena},
  journal={Nat. Phot.},
  volume={3},
  pages={687},
  year={2009}
}

@book{bib:knight2005introductory,
  title={Introductory Quantum Optics},
  author={Knight, P. L. and Gerry, G. C.},
  year={2005},
  publisher={Cambridge University Press Cambridge}
}

@article{bib:PhysRevA.61.042302,
  title = {Dense coding for continuous variables},
  author = {Braunstein, Samuel L. and Kimble, H. J.},
  journal = {Phys. Rev. A},
  volume = {61},
  pages = {042302},
  year = {2000}
}

@book{bib:kok2010introduction,
  title={Introduction to optical quantum information processing},
  author={Kok, Pieter and Lovett, Brendon W.},
  year={2010},
  publisher={Cambridge University Press}
}

@article{bib:PhysRevA.49.1473,
  title = {Teleportation of quantum states},
  author = {Vaidman, Lev},
  journal = {Phys. Rev. A},
  volume = {49},
  pages = {1473},
  year = {1994}
}

@article{bib:PhysRevLett.80.869,
  title = {Teleportation of Continuous Quantum Variables},
  author = {Braunstein, Samuel L. and Kimble, H. J.},
  journal = {Phys. Rev. Lett.},
  volume = {80},
  pages = {869},
  year = {1998}
}

@article{bib:PhysRevLett.88.057902,
  title = {Continuous Variable Quantum Cryptography Using Coherent States},
  author = {Grosshans, Fr\'ed\'eric and Grangier, Philippe},
  journal = {Phys. Rev. Lett.},
  volume = {88},
  pages = {057902},
  year = {2002}
}

@article{bib:PhysRevLett.81.5932,
  title = {Quantum Repeaters: The Role of Imperfect Local Operations in Quantum Communication},
  author = {Briegel, H.-J. and D\"ur, W. and Cirac, J. I. and Zoller, P.},
  journal = {Phys. Rev. Lett.},
  volume = {81},
  pages = {5932},
  year = {1998}
}

@article{bib:PhysRevLett.89.137904,
  title = {Gaussian Transformations and Distillation of Entangled Gaussian States},
  author = {Fiur\'a\ifmmode \check{s}\else \v{s}\fi{}ek, Jarom\'{\i}r},
  journal = {Phys. Rev. Lett.},
  volume = {89},
  pages = {137904},
  year = {2002}
}

@article{bib:PhysRevLett.89.137903,
  title = {Distilling Gaussian States with Gaussian Operations is Impossible},
  author = {Eisert, J. and Scheel, S. and Plenio, M. B.},
  journal = {Phys. Rev. Lett.},
  volume = {89},
  pages = {137903},
  year = {2002}
}


@article{bib:PhysRevA.66.032316,
  title = {Characterization of Gaussian operations and distillation of Gaussian states},
  author = {Giedke, G\'eza and Ignacio Cirac, J.},
  journal = {Phys. Rev. A},
  volume = {66},
  pages = {032316},
  year = {2002}
}

@article{bib:eisert2004distillation,
  title={Distillation of continuous-variable entanglement with optical means},
  author={Eisert, Jens and Browne, DE and Scheel, S and Plenio, MB},
  journal={Ann. of Phys.},
  volume={311},
  pages={431},
  year={2004}
}

@article{bib:takahashi2010entanglement,
  title={Entanglement distillation from Gaussian input states},
  author={Takahashi, Hiroki and Neergaard-Nielsen, Jonas S and Takeuchi, Makoto and Takeoka, Masahiro and Hayasaka, Kazuhiro and Furusawa, Akira and Sasaki, Masahide},
  journal={Nat. Phot.},
  volume={4},
  pages={178},
  year={2010}
}

@article{bib:PhysRevLett.97.110501,
  title = {Universal Quantum Computation with Continuous-Variable Cluster States},
  author = {Menicucci, Nicolas C. and van Loock, Peter and Gu, Mile and Weedbrook, Christian and Ralph, Timothy C. and Nielsen, Michael A.},
  journal = {Phys. Rev. Lett.},
  volume = {97},
  pages = {110501},
  year = {2006}
}