@article{bib:RevModPhys.81.1301,
  title = {The security of practical quantum key distribution},
  author = {Scarani, Valerio and Bechmann-Pasquinucci, Helle and Cerf, Nicolas J. and Du\ifmmode \check{s}\else \v{s}\fi{}ek, Miloslav and L\"utkenhaus, Norbert and Peev, Momtchil},
  journal = {Reviews in Modern Physics},
  volume = {81},
  pages = {1301},
  year = {2009}}

@article{bib:liao2017satellite,
  title={Satellite-to-ground quantum key distribution},
  author={Liao, Sheng-Kai and Cai, Wen-Qi and Liu, Wei-Yue and Zhang, Liang and Li, Yang and Ren, Ji-Gang and Yin, Juan and Shen, Qi and Cao, Yuan and Li, Zheng-Ping and others},
  journal={Nature},
  volume={549},
  pages={43},
  year={2017}}

@article{bib:bb84,
  year = {1984},
  pages= {175},
  journal = {Proceedings of the IEEE},
  author = {Bennett, C. H., and G. Brassard}}

@article{bib:lo2014secure,
  title={Secure quantum key distribution},
  author={Lo, Hoi-Kwong and Curty, Marcos and Tamaki, Kiyoshi},
  journal={Nature Photonics},
  volume={8},
  pages={595},
  year={2014}}

@article{bib:diamanti2016practical,
  title={Practical challenges in quantum key distribution},
  author={Diamanti, Eleni and Lo, Hoi-Kwong and Qi, Bing and Yuan, Zhiliang},
  journal={NPJ Quantum Information},
  volume={2},
  pages={16025},
  year={2016}}

@article{bib:sasaki2014practical,
  title={Practical quantum key distribution protocol without monitoring signal disturbance},
  author={Sasaki, Toshihiko and Yamamoto, Yoshihisa and Koashi, Masato},
  journal={Nature},
  volume={509},
  pages={475},
  year={2014}}

@article{bib:cai2009finite,
  title={Finite-key analysis for practical implementations of quantum key distribution},
  author={Cai, Raymond YQ and Scarani, Valerio},
  journal={New Journal of Physics},
  volume={11},
  pages={045024},
  year={2009}}


@article{bib:hayashi2014security,
  title={Security analysis of the decoy method with the bennett--brassard 1984 protocol for finite key lengths},
  author={Hayashi, Masahito and Nakayama, Ryota},
  journal={New Journal of Physics},
  volume={16},
  pages={063009},
  year={2014}}


@article{bib:PhysRevA.90.052314,
  title = {Loss-tolerant quantum cryptography with imperfect sources},
  author = {Tamaki, Kiyoshi and Curty, Marcos and Kato, Go and Lo, Hoi-Kwong and Azuma, Koji},
  journal = {Physical Review A},
  volume = {90},
  pages = {052314},
  year = {2014}}

@article{bib:mizutani2015finite,
  title={Finite-key security analysis of quantum key distribution with imperfect light sources},
  author={Mizutani, Akihiro and Curty, Marcos and Lim, Charles Ci Wen and Imoto, Nobuyuki and Tamaki, Kiyoshi},
  journal={New Journal of Physics},
  volume={17},
  pages={093011},
  year={2015}}

@article{bib:cao2015discrete,
  title={Discrete-phase-randomized coherent state source and its application in quantum key distribution},
  author={Cao, Zhu and Zhang, Zhen and Lo, Hoi-Kwong and Ma, Xiongfeng},
  journal={New Journal of Physics},
  volume={17},
  pages={053014},
  year={2015}}

@article{bib:PhysRevA.92.032305,
  title = {Experimental quantum key distribution with source flaws},
  author = {Xu, Feihu and Wei, Kejin and Sajeed, Shihan and Kaiser, Sarah and Sun, Shihai and Tang, Zhiyuan and Qian, Li and Makarov, Vadim and Lo, Hoi-Kwong},
  journal = {Phys. Rev. A},
  volume = {92},
  pages = {032305},
  year = {2015}}

@article{bib:qi2005time,
  title={Time-shift attack in practical quantum cryptosystems},
  author={Qi, Bing and Fung, Chi-Hang Fred and Lo, Hoi-Kwong and Ma, Xiongfeng},
  eprint={arXiv:quant-ph/0512080},
  year={2005}}

@article{bib:PhysRevA.78.042333,
  title = {Quantum hacking: Experimental demonstration of time-shift attack against practical quantum-key-distribution systems},
  author = {Zhao, Yi and Fung, Chi-Hang Fred and Qi, Bing and Chen, Christine and Lo, Hoi-Kwong},
  journal = {Physical Review A},
  volume = {78},
  pages = {042333},
  year = {2008}}

@article{bib:PhysRevA.74.022313,
  title = {Effects of detector efficiency mismatch on security of quantum cryptosystems},
  author = {Makarov, Vadim and Anisimov, Andrey and Skaar, Johannes},
  journal = {Physical Review A},
  volume = {74},
  pages = {022313},
  year = {2006}}


@article{bib:lamas2007breaking,
  title={Breaking a quantum key distribution system through a timing side channel},
  author={Lamas-Linares, Ant{\'\i}a and Kurtsiefer, Christian},
  journal={Optics Express},
  volume={15},
  pages={9388},
  year={2007}}

@article{bib:lydersen2010hacking,
  title={Hacking commercial quantum cryptography systems by tailored bright illumination},
  author={Lydersen, Lars and Wiechers, Carlos and Wittmann, Christoffer and Elser, Dominique and Skaar, Johannes and Makarov, Vadim},
  journal={Nature Photonics},
  volume={4},
  pages={686},
  year={2010}}

@article{bib:yuan2010avoiding,
  title={Avoiding the blinding attack in QKD},
  author={Yuan, ZL and Dynes, JF and Shields, AJ},
  journal={Nature Photonics},
  volume={4},
  pages={800},
  year={2010}}

@article{bib:gerhardt2011full,
  title={Full-field implementation of a perfect eavesdropper on a quantum cryptography system},
  author={Gerhardt, Ilja and Liu, Qin and Lamas-Linares, Antia and Skaar, Johannes and Kurtsiefer, Christian and Makarov, Vadim},
  journal={Nature Communications},
  volume={2},
  pages={349},
  year={2011}}

@article{bib:weier2011quantum,
  title={Quantum eavesdropping without interception: an attack exploiting the dead time of single-photon detectors},
  author={Weier, Henning and Krauss, Harald and Rau, Markus and F{\"u}rst, Martin and Nauerth, Sebastian and Weinfurter, Harald},
  journal={New Journal of Physics},
  volume={13},
  pages={073024},
  year={2011}}

@article{bib:jain2011device,
  title={Device calibration impacts security of quantum key distribution},
  author={Jain, Nitin and Wittmann, Christoffer and Lydersen, Lars and Wiechers, Carlos and Elser, Dominique and Marquardt, Christoph and Makarov, Vadim and Leuchs, Gerd},
  journal={Physical Review Letters},
  volume={107},
  pages={110501},
  year={2011}}

@article{bib:xu2010experimental,
  title={Experimental demonstration of phase-remapping attack in a practical quantum key distribution system},
  author={Xu, Feihu and Qi, Bing and Lo, Hoi-Kwong},
  journal={New Journal of Physics},
  volume={12},
  pages={113026},
  year={2010}}

@article{bib:tang2013source,
  title={Source attack of decoy-state quantum key distribution using phase information},
  author={Tang, Yan-Lin and Yin, Hua-Lei and Ma, Xiongfeng and Fung, Chi-Hang Fred and Liu, Yang and Yong, Hai-Lin and Chen, Teng-Yun and Peng, Cheng-Zhi and Chen, Zeng-Bing and Pan, Jian-Wei},
  journal={Physical Review A},
  volume={88},
  pages={022308},
  year={2013}}

@article{bib:jouguet2013preventing,
  title={Preventing calibration attacks on the local oscillator in continuous-variable quantum key distribution},
  author={Jouguet, Paul and Kunz-Jacques, S{\'e}bastien and Diamanti, Eleni},
  journal={Physical Review A},
  volume={87},
  pages={062313},
  year={2013}}

@article{bib:hensen2015loophole,
  title={Loophole-free Bell inequality violation using electron spins separated by 1.3 kilometres},
  author={Hensen, Bas and Bernien, Hannes and Dr{\'e}au, Ana{\"\i}s E and Reiserer, Andreas and Kalb, Norbert and Blok, Machiel S and Ruitenberg, Just and Vermeulen, Raymond FL and Schouten, Raymond N and Abell{\'a}n, Carlos and others},
  journal={Nature},
  volume={526},
  pages={682},
  year={2015}}

@article{bib:PhysRevLett.98.230501,
  title = {Device-Independent Security of Quantum Cryptography against Collective Attacks},
  author = {Ac\'{\i}n, Antonio and Brunner, Nicolas and Gisin, Nicolas and Massar, Serge and Pironio, Stefano and Scarani, Valerio},
  journal = {Physical Review Letters},
  volume = {98},
  pages = {230501},
  year = {2007}}

@article{bib:PhysRevLett.108.130503,
  title = {Measurement-Device-Independent Quantum Key Distribution},
  author = {Lo, Hoi-Kwong and Curty, Marcos and Qi, Bing},
  journal = {Physical Review Letters},
  volume = {108},
  pages = {130503},
  year = {2012}}

@article{bib:lim2014detector,
  title={Detector-device-independent quantum key distribution},
  author={Lim, Charles Ci Wen and Korzh, Boris and Martin, Anthony and Bussieres, F{\'e}lix and Thew, Rob and Zbinden, Hugo},
  journal={Applied Physics Letters},
  volume={105},
  pages={221112},
  year={2014}}

@article{bib:PhysRevA.92.022337,
  title = {Quantum key distribution with untrusted detectors},
  author = {Gonz\'alez, P. and Reb\'on, L. and Ferreira da Silva, T. and Figueroa, M. and Saavedra, C. and Curty, M. and Lima, G. and Xavier, G. B. and Nogueira, W. A. T.},
  journal = {Physical Review A},
  volume = {92},
  pages = {022337},
  year = {2015}}

@article{bib:PhysRevLett.117.250505,
  title = {Insecurity of Detector-Device-Independent Quantum Key Distribution},
  author = {Sajeed, Shihan and Huang, Anqi and Sun, Shihai and Xu, Feihu and Makarov, Vadim and Curty, Marcos},
  journal = {Physical Review Letters},
  volume = {117},
  pages = {250505},
  year = {2016}}

@article{bib:marsili2013detecting,
  title={Detecting single infrared photons with 93\% system efficiency},
  author={Marsili, F and Verma, Varun B and Stern, Jeffrey A and Harrington, S and Lita, Adriana E and Gerrits, Thomas and Vayshenker, Igor and Baek, Burm and Shaw, Matthew D and Mirin, Richard P and others},
  journal={Nature Photonics},
  volume={7},
  pages={210},
  year={2013}}

@article{bib:xu2015discrete,
  title={Discrete and continuous variables for measurement-device-independent quantum cryptography},
  author={Xu, Feihu and Curty, Marcos and Qi, Bing and Qian, Li and Lo, Hoi-Kwong},
  journal={Nature Photonics},
  volume={9},
  pages={772},
  year={2015}}

@article{bib:zhong2015photon,
  title={Photon-efficient quantum key distribution using time--energy entanglement with high-dimensional encoding},
  author={Zhong, Tian and Zhou, Hongchao and Horansky, Robert D and Lee, Catherine and Verma, Varun B and Lita, Adriana E and Restelli, Alessandro and Bienfang, Joshua C and Mirin, Richard P and Gerrits, Thomas and others},
  journal={New Journal of Physics},
  volume={17},
  pages={022002},
  year={2015}}

@article{bib:PhysRevLett.81.5932,
  title = {Quantum Repeaters: The Role of Imperfect Local Operations in Quantum Communication},
  author = {Briegel, H.-J. and D\"ur, W. and Cirac, J. I. and Zoller, P.},
  journal = {Physical Review Letters},
  volume = {81},
  pages = {5932},
  year = {1998}}

@article{bib:lim2014review,
  title={Review of silicon photonics foundry efforts},
  author={Lim, Andy Eu-Jin and Song, Junfeng and Fang, Qing and Li, Chao and Tu, Xiaoguang and Duan, Ning and Chen, Kok Kiong and Tern, Roger Poh-Cher and Liow, Tsung-Yang},
  journal={IEEE Journal of Selected Topics in Quantum Electronics},
  volume={20},
  pages={405},
  year={2014}}

@article{bib:PhysRevA.92.032305,
  title = {Experimental quantum key distribution with source flaws},
  author = {Xu, Feihu and Wei, Kejin and Sajeed, Shihan and Kaiser, Sarah and Sun, Shihai and Tang, Zhiyuan and Qian, Li and Makarov, Vadim and Lo, Hoi-Kwong},
  journal = {Physical Review A},
  volume = {92},
  pages = {032305},
  year = {2015}}

@article{bib:smit2014introduction,
  title={An introduction to InP-based generic integration technology},
  author={Smit, Meint and Leijtens, Xaveer and Ambrosius, Huub and Bente, Erwin and Van der Tol, Jos and Smalbrugge, Barry and De Vries, Tjibbe and Geluk, Erik-Jan and Bolk, Jeroen and Van Veldhoven, Rene and others},
  journal={Semiconductor Science \& Technology},
  volume={29},
  pages={083001},
  year={2014}}

@article{bib:PhysRevA.59.169,
  title = {Quantum repeaters based on entanglement purification},
  author = {D\"ur, W. and Briegel, H.-J. and Cirac, J. I. and Zoller, P.},
  journal = {Physical Review A},
  volume = {59},
  pages = {169},
  year = {1999}}

@article{bib:sibson2017chip,
  title={Chip-based quantum key distribution},
  author={Sibson, Philip and Erven, Chris and Godfrey, Mark and Miki, Shigehito and Yamashita, Taro and Fujiwara, Mikio and Sasaki, Masahide and Terai, Hirotaka and Tanner, Michael G and Natarajan, Chandra M and others},
  journal={Nature Communications},
  volume={8},
  pages={13984},
  year={2017}}

@article{bib:PhysRevA.61.042311,
  title = {Theory of quantum secret sharing},
  author = {Gottesman, Daniel},
  journal = {Physical Review A},
  volume = {61},
  pages = {042311},
  year = {2000}}

@article{bib:PhysRevA.71.044301,
  title = {Multiparty quantum secret sharing},
  author = {Zhang, Zhan-jun and Li, Yong and Man, Zhong-xiao},
  journal = {Physical Review A},
  volume = {71},
  pages = {044301},
  year = {2005}}

@article{bib:cleve1999share,
  title={How to share a quantum secret},
  author={Cleve, Richard and Gottesman, Daniel and Lo, Hoi-Kwong},
  journal={Physical Review Letters},
  volume={83},
  pages={648},
  year={1999}}

@inproceedings{bib:broadbent2009universal,
  title={Universal blind quantum computation},
  author={Broadbent, Anne and Fitzsimons, Joseph and Kashefi, Elham},
  booktitle={50th Annual IEEE Symposium on Foundations of Computer Science (FOCS'09)},
  pages={517},
  year={2009}}

@article{bib:barz2012demonstration,
  title={Demonstration of blind quantum computing},
  author={Barz, Stefanie and Kashefi, Elham and Broadbent, Anne and Fitzsimons, Joseph F and Zeilinger, Anton and Walther, Philip},
  journal={Science},
  volume={335},
  pages={303},
  year={2012}}

@inproceedings{bib:christandl2005quantum,
  title={Quantum anonymous transmissions},
  author={Christandl, Matthias and Wehner, Stephanie},
  booktitle={International Conference on the Theory and Application of Cryptology and Information Security},
  pages={217},
  year={2005}}