@article{RohdeCV16,
	author = "Rafael N. Alexander and Natasha Gabay and Peter P. Rohde and Nicolas C. Menicucci",
	title = "Measurement-Based Linear Optics",
	year = "2016",
	eprint = "arXiv:1606.00446"
} 

@article{RohdeRecycle16,
	author = "Keith R. Motes and Ryan L. Mann and Jonathan P. Olson and Nicholas M. Studer and E. Annelise Bergeron and Alexei Gilchrist and Jonathan P. Dowling and Dominic W. Berry and Peter P. Rohde",
	title = "Efficient recycling strategies for preparing large Fock states from single-photon sources --- Applications to quantum metrology",
	year = "2016",
	eprint = "arXiv:1603.00533"
}

@article{RohdeLoop15,
	author = "Keith R. Motes and Jonathan P. Dowling and Alexei Gilchrist and Peter P. Rohde",
	title = "Implementing Scalable Boson Sampling with Time-Bin Encoding: Analysis of Loss, Mode Mismatch, and Time Jitter",
	year = "2015",
	journal = "Phys. Rev. A",
	volume = "92",
	pages = "052319",
	eprint = "arXiv:1507.07185"
}

@article{RohdeLeap15,
	author = "Magdalena Stobinska and Peter P. Rohde and Pawel Kurzynski",
	title = "Quantum leap: how to complete a quantum walk in a single step",
	year = "2015",
	eprint = "arXiv:1504.05480"
}

@article{RohdeLoopMulti15,
	author = "Peter P. Rohde and L. G. Helt and M. J. Steel and Alexei Gilchrist",
	title = "Multiplexed single-photon state preparation using a fibre-loop architecture",
	year = "2015",
	journal = "Phys. Rev. A",
	volume = "92",
	pages = "053829",
	eprint = "arXiv:1503.03546"
}

@article{MORDOR,
	author = "Keith R. Motes and Jonathan P. Olson and Evan J. Rabeaux and Jonathan P. Dowling and S. Jay Olson and Peter P. Rohde",
	title = "Linear Optical Quantum Metrology with Single Photons: Exploiting Spontaneously Generated Entanglement to Beat the Shot-Noise Limit",
	year = "2015",
	journal = "Phys. Rev. Lett.",
	volume = "114",
	pages = "170802",
	eprint = "arXiv:1501.01067"
}

@article{RohdeWavelet15,
	author = "Gavin K. Brennen and Peter Rohde and Barry C. Sanders and Sukhwinder Singh",
	title = "Multi-scale quantum simulation of quantum field theory using wavelets",
	year = "2015",
	journal = "Phys. Rev. A",
	volume = "92",
	pages = "032315",
	eprint = "arXiv:1412.0750"
}

@article{RohdeArbSpec15,
	author = "Peter P. Rohde",
	title = "Boson-sampling with photons of arbitrary spectral structure",
	year = "2015",
	journal = "Phys. Rev. A",
	volume = "91",
	pages = "012307",
	eprint = "arXiv:1410.3979"
}

@article{RohdeUnivLoop15,
	author = "Peter P. Rohde",
	title = "A simple scheme for universal linear optics quantum computing with constant experimental complexity using fiber-loops",
	year = "2015",
	journal = "Phys. Rev. A",
	volume = "91",
	pages = "012306",
	eprint = "arXiv:1410.0433"
}

@article{RohdePhotAdd15,
	author = "Jonathan P. Olson and Kaushik P. Seshadreesan and Keith R. Motes and Peter P. Rohde and Jonathan P. Dowling",
	title = "Sampling arbitrary photon-added or photon-subtracted squeezed states is in the same complexity class as boson sampling",
	year = "2015",
	journal = "Phys. Rev. A",
	volume = "91",
	pages = "022317",
	eprint = "arXiv:1406.7821"
}

@article{RohdeIntroBS15,
	author = "Bryan T. Gard and Keith R. Motes and Jonathan P. Olson and Peter P. Rohde and Jonathan P. Dowling",
	title = "An introduction to boson-sampling",
	year = "2015",
	journal = "Chapter 8, contained in Book: From Atomic to Mesoscale: The Role of Quantum Coherence in Systems of Various Complexities, Publisher: World Scientific Publishing Co",
	eprint = "arXiv:1406.6767"
}

@article{RohdeLoop14,
	author = "Keith R. Motes and Alexei Gilchrist and Jonathan P. Dowling and Peter P. Rohde",
	title = "Scalable boson-sampling with time-bin encoding using a loop-based architecture",
	year = "2014",
	journal = "Phys. Rev. Lett.",
	volume = "",
	pages = "120501",
	eprint = "arXiv:1403.4007"
}

@article{RohdeDisp15,
	author = "Kaushik P. Seshadreesan and Jonathan P. Olson and Keith R. Motes and Peter P. Rohde and Jonathan P. Dowling",
	title = "Boson sampling with displaced single-photon Fock states versus single-photon-added coherent states - The quantum-classical divide and computational-complexity transitions in linear optics",
	year = "2015",
	journal = "Phys. Rev. A",
	volume = "91",
	pages = "022334",
	eprint = "arXiv:1402.0531"
}

@article{RohdeECT14,
	author = "Peter P. Rohde and Keith R. Motes and Paul A. Knott and William J. Munro",
	title = "Will boson-sampling ever disprove the Extended Church-Turing thesis?",
	year = "2014",
	eprint = "arXiv:1401.2199"
}

@article{RohdeAvoid14,
	author = "Elizabeth Camilleri and Peter P. Rohde and Jason Twamley",
	title = "Self-avoiding quantum walks",
	year = "2014",
	journal = "4791",
	volume = "4",
	pages = "4791",
	eprint = "arXiv:1401.1869"
}

@article{RohdeCong16,
	author = "Keith R. Motes and Alexei Gilchrist and Peter P. Rohde",
	title = "Quantum random walks on congested lattices",
	year = "2016",
	journal = "Sci. Rep.",
	volume = "6",
	pages = "19864",
	eprint = "arXiv:1310.8161"
}

@article{RohdeCat15,
	author = "Peter P. Rohde and Keith R. Motes and Paul Knott and Joseph Fitzsimons and William Munro and Jonathan P. Dowling",
	title = "Evidence for the conjecture that sampling generalized cat states with linear optics is hard",
	year = "2015",
	journal = "Phys. Rev. A",
	volume = "91",
	pages = "012342",
	eprint = "arXiv:1310.0297"
}

@article{RohdeSPDC13,
	author = "Keith R. Motes and Jonathan P. Dowling and Peter P. Rohde",
	title = "Spontaneous parametric down-conversion photon sources are scalable in the asymptotic limit for boson-sampling",
	year = "2013",
	journal = "Phys. Rev. A",
	volume = "88",
	pages = "063822",
	eprint = "arXiv:1307.8238"
}

@article{RohdeQWMem13,
	author = "Peter P. Rohde and Gavin K. Brennen and Alexei Gilchrist",
	title = "Quantum walks with memory provided by recycled coins and a memory of the coin-flip history",
	year = "2013",
	journal = "Phys. Rev. A",
	volume = "87",
	pages = "052302",
	eprint = "arXiv:1212.4540"
}

@article{RohdeInfCap13,
	author = "Peter P. Rohde and Joseph F. Fitzsimons and Alexei Gilchrist",
	title = "The information capacity of a single photon",
	year = "2013",
	journal = "Phys. Rev. A",
	volume = "88",
	pages = "022310",
	eprint = "arXiv:1211.1427"
}

@article{RohdeArbLow12,
	author = "Peter P. Rohde",
	title = "Optical quantum computing with photons of arbitrarily low fidelity and purity",
	year = "2012",
	journal = "Phys. Rev. A",
	volume = "86",
	pages = "052321",
	eprint = "arXiv:1208.2475"
}

@article{RohdeIncDim13,
	author = "Peter P. Rohde and Andreas Schreiber and Martin Stefanak and Igor Jex and Alexei Gilchrist and Christine Silberhorn",
	title = "Increasing the dimensionality of quantum walks using multiple walkers",
	year = "2013",
	journal = "J. Comp. Th. Nanosc.",
	volume = "10",
	pages = "1644",
	eprint = "arXiv:1205.1850"
}

@article{RohdeQWExp12,
	author = "Andreas Schreiber and Aurel Gabris and Peter P. Rohde and Kaisa Laiho and Martin Stefanak and Vaclav Potocek and Craig Hamilton and Igor Jex and Christine Silberhorn",
	title = "A 2D Quantum Walk Simulation of Two-Particle Dynamics",
	year = "2012",
	journal = "Science",
	volume = "336",
	pages = "55",
	eprint = "arXiv:1204.3555"
}

@article{RohdeQWEnc12,
	author = "Peter P. Rohde and Joseph F. Fitzsimons and Alexei Gilchrist",
	title = "Quantum walks with encrypted data",
	year = "2012",
	journal = "Phys. Rev. Lett.",
	volume = "109",
	pages = "150501",
	eprint = "arXiv:1204.3370"
}

@article{RohdeErrBS12,
	author = "Peter P. Rohde and Timothy C. Ralph",
	title = "Error tolerance of the BosonSampling model for linear optics quantum computing",
	year = "2012",
	journal = "Phys. Rev. A",
	volume = "85",
	pages = "022332",
	eprint = "arXiv:1111.2426"
}

@article{RohdeOptDet11,
	author = "Peter P. Rohde",
	title = "Optimising number resolving photo-detectors using classical post-processing",
	year = "2011",
	eprint = "arXiv:1107.2747"
}

@article{RohdeEntDynQW12,
	author = "Peter P. Rohde and Alessandro Fedrizzi and Timothy C. Ralph",
	title = "Entanglement dynamics and quasi-periodicity in discrete quantum walks",
	year = "2012",
	journal = "J. Mod. Opt.",
	volume = "59",
	pages = "710",
	eprint = "arXiv:1102.4385"
}

@article{RohdeTimeRes11,
	author = "Peter P. Rohde and Timothy C. Ralph",
	title = "Time-resolved detection and mode-mismatch in a linear optics quantum gate",
	year = "2011",
	journal = "New J. Phys.",
	volume = "13",
	pages = "053036",
	eprint = "arXiv:1101.3812"
}

@article{RohdeQWComment10,
	author = "Peter P. Rohde",
	title = "Are quantum walks the saviour of optical quantum computing?",
	year = "2010",
	eprint = "arXiv:1010.4608"
}

@article{RohdeMultiWalk11,
	author = "Peter P. Rohde and Andreas Schreiber and Martin Stefanak and Igor Jex and Christine Silberhorn",
	title = "Multi-walker discrete time quantum walks on arbitrary graphs, their properties, and their photonic implementation",
	year = "2011",
	journal = "New J. Phys.",
	volume = "13",
	pages = "013001",
	eprint = "arXiv:1006.5556"
}

@article{RohdeRemSpin08,
	author = "Erik M. Gauger and Peter P. Rohde and A. Marshall Stoneham and Brendon W. Lovett",
	title = "Entanglement of Remote Spins with Unequal Coupling to an Optically Active Mediator",
	year = "2008",
	journal = "New J. Phys.",
	volume = "10",
	pages = "073027",
	eprint = "arXiv:0802.3670"
}

@article{RohdeCSNonLin07,
	author = "Peter P. Rohde and William J. Munro and Timothy C. Ralph and Peter van Loock and Kae Nemoto",
	title = "Practical effects in the preparation of cluster states using weak non-linearities",
	year = "2007",
	journal = "QIC",
	volume = "8",
	pages = "0053",
	eprint = "arXiv:0705.4522"
}

@article{RohdeCompDet07,
	author = "Peter P. Rohde and James G. Webb and Elanor H. Huntington and Timothy C. Ralph",
	title = "Comparison of architectures for approximating number-resolving photo-detection using non-number-resolving detectors",
	year = "2007",
	journal = "New J. Phys.",
	volume = "9",
	pages = "233",
	eprint = "arXiv:0705.4003"
}

@article{RohdeImpMulti07,
	author = "Peter P. Rohde",
	title = "Improving the fidelity of single photon preparation from conditional down-conversion via asymmetric multiport detection",
	year = "2007",
	eprint = "arXiv:quant-ph/0703238"
}

@article{RohdeNoiseEnt07,
	author = "Peter P. Rohde",
	title = "Noise thresholds for entanglement purification",
	year = "2007",
	eprint = "arXiv:quant-ph/0702065"
}

@article{RohdeCatBreed07,
	author = "Peter P. Rohde and Austin P. Lund",
	title = "Practical effects in cat state breeding",
	year = "2007",
	eprint = "arXiv:quant-ph/0702064"
}

@article{RohdeErrProp07,
	author = "Peter P. Rohde and Timothy C. Ralph and William J. Munro",
	title = "Error propagation in loss- and failure-tolerant quantum computation schemes",
	year = "2007",
	eprint = "arXiv:quant-ph/0701090"
}

@article{RohdeStratCS07,
	author = "Peter P. Rohde and Sean D. Barrett",
	title = "Strategies for the preparation of large cluster states using non-deterministic gates",
	year = "2007",
	journal = "New J. Phys.",
	volume = "9",
	pages = "198",
	eprint = "arXiv:quant-ph/0701068"
}

@article{RohdeSpecTomo06,
	author = "Peter P. Rohde",
	title = "Quantum state tomography of single photons in the spectral degree of freedom",
	year = "2006",
	eprint = "arXiv:quant-ph/0609005"
}

@article{RohdeSpecStruc07,
	author = "Peter P. Rohde and Wolfgang Mauerer and Christine Silberhorn",
	title = "Spectral structure and decompositions of optical states, and their applications",
	year = "2007",
	journal = "New J. Phys.",
	volume = "9",
	pages = "91",
	eprint = "arXiv:quant-ph/0609004"
}

@article{RohdeLocUnloc08,
	author = "Henry L. Haselgrove and Peter P. Rohde",
	title = "Trade-off between the tolerance of located and unlocated errors in nondegenerate quantum error-correcting codes",
	year = "2008",
	journal = "QIC",
	volume = "8",
	pages = "0399",
	eprint = "arXiv:quant-ph/0605183"
}

@article{RohdeTolTrade07,
	author = "Peter P. Rohde and Timothy C. Ralph and William J. Munro",
	title = "Error tolerance and tradeoffs in loss- and failure-tolerant quantum computing schemes",
	year = "2007",
	journal = "Phys. Rev. A",
	volume = "75",
	pages = "010302(R)",
	eprint = "arXiv:quant-ph/0603130"
}

@article{RohdeModelMM06,
	author = "Peter P. Rohde and Timothy C. Ralph",
	title = "Error models for mode-mismatch in linear optics quantum computing",
	year = "2006",
	journal = "Phys. Rev. A",
	volume = "73",
	pages = "062312",
	eprint = "arXiv:quant-ph/0602004"
}

@article{RohdeOptEntPur06,
	author = "Peter P. Rohde and Timothy C. Ralph and William J. Munro",
	title = "Practical limitations in optical entanglement purification",
	year = "2006",
	journal = "Phys. Rev. A",
	volume = "73",
	pages = "030301(R)",
	eprint = "arXiv:quant-ph/0511268"
}

@article{RohdeModPhotoDet06,
	author = "Peter P. Rohde and Timothy C. Ralph",
	title = "Modeling photo-detectors in quantum optics",
	year = "2006",
	journal = "J. Mod. Opt.",
	volume = "53",
	pages = "1589",
	eprint = "arXiv:quant-ph/0511099"
}

@article{RohdeOptPhot05,
	author = "Peter P. Rohde and Timothy C. Ralph and Michael A. Nielsen",
	title = "Optimal photons for quantum information processing",
	year = "2005",
	journal = "Phys. Rev. A",
	volume = "72",
	pages = "052332",
	eprint = "arXiv:quant-ph/0505139"
}

@article{RohdeGateChar05,
	author = "Peter P. Rohde and G. J. Pryde and J. L. O?Brien and Timothy C. Ralph",
	title = "Quantum-gate characterization in an extended Hilbert space",
	year = "2005",
	journal = "Phys. Rev. A",
	volume = "72",
	pages = "032306",
	eprint = "arXiv:quant-ph/0411144"
}

@article{RohdeApproxDet05,
	author = "Peter P. Rohde",
	title = "Non-deterministic approximation of photon number discriminating detectors using non-discriminating detectors",
	year = "2005",
	journal = "J. Opt. B: Quant. Semiclass. Opt.",
	volume = "7",
	pages = "82",
	eprint = "arXiv:quant-ph/0411114"
}

@article{RohdeFreqTemp05,
	author = "Peter P. Rohde and Timothy C. Ralph",
	title = "Frequency and temporal effects in linear optical quantum computing",
	year = "2005",
	journal = "Phys. Rev. A",
	volume = "71",
	pages = "032320",
	eprint = "arXiv:quant-ph/0407002"
}