@article{sangouard11,
  title = {Quantum repeaters based on atomic ensembles and linear optics},
  author = {Sangouard, Nicolas and Simon, Christoph and de Riedmatten, Hugues and Gisin, Nicolas},
  journal = {Rev. Mod. Phys.},
  volume = {83},
  issue = {1},
  pages = {33--80},
  numpages = {0},
  year = {2011},
  month = {Mar},
  publisher = {American Physical Society},
  doi = {10.1103/RevModPhys.83.33},
  url = {https://link.aps.org/doi/10.1103/RevModPhys.83.33}
}

@article{lvovsky2009optical,
  title={Optical quantum memory},
  author={Lvovsky, Alexander I and Sanders, Barry C and Tittel, Wolfgang},
  journal={Nature photonics},
  volume={3},
  number={12},
  pages={706--714},
  year={2009},
  publisher={Nature Publishing Group}
}

@article{simon2010quantum,
  title={Quantum memories},
  author={Simon, Christoph and Afzelius, Mikael and Appel, J{\"u}rgen and de La Giroday, A Boyer and Dewhurst, SJ and Gisin, Nicolas and Hu, CY and Jelezko, F and Kr{\"o}ll, Stefan and M{\"u}ller, JH and others},
  journal={The European Physical Journal D},
  volume={58},
  number={1},
  pages={1--22},
  year={2010},
  publisher={Springer}
}

@article{bussieres2013prospective,
  title={Prospective applications of optical quantum memories},
  author={Bussi{\`e}res, F{\'e}lix and Sangouard, Nicolas and Afzelius, Mikael and de Riedmatten, Hugues and Simon, Christoph and Tittel, Wolfgang},
  journal={Journal of Modern Optics},
  volume={60},
  number={18},
  pages={1519--1537},
  year={2013},
  publisher={Taylor \& Francis}
}

@article{heshami2016quantum,
  title={Quantum memories: emerging applications and recent advances},
  author={Heshami, Khabat and England, Duncan G and Humphreys, Peter C and Bustard, Philip J and Acosta, Victor M and Nunn, Joshua and Sussman, Benjamin J},
  journal={Journal of modern optics},
  volume={63},
  number={20},
  pages={2005--2028},
  year={2016},
  publisher={Taylor \& Francis}
}

@article{ursin07,
  title={Entanglement-based quantum communication over 144 km},
  author={Ursin, Rupert and Tiefenbacher, F and Schmitt-Manderbach, T and Weier, H and Scheidl, Thomas and Lindenthal, M and Blauensteiner, B and Jennewein, T and Perdigues, J and Trojek, P and others},
  journal={Nature physics},
  volume={3},
  number={7},
  pages={481--486},
  year={2007},
  publisher={Nature Publishing Group}
}

@article{ma2012quantum,
  title={Quantum teleportation over 143 kilometres using active feed-forward},
  author={Ma, Xiao-Song and Herbst, Thomas and Scheidl, Thomas and Wang, Daqing and Kropatschek, Sebastian and Naylor, William and Wittmann, Bernhard and Mech, Alexandra and Kofler, Johannes and Anisimova, Elena and others},
  journal={Nature},
  volume={489},
  number={7415},
  pages={269--273},
  year={2012},
  publisher={Nature Research}
}

@article{yin2013lower,
  title={Lower bound on the speed of nonlocal correlations without locality and measurement choice loopholes},
  author={Yin, Juan and Cao, Yuan and Yong, Hai-Lin and Ren, Ji-Gang and Liang, Hao and Liao, Sheng-Kai and Zhou, Fei and Liu, Chang and Wu, Yu-Ping and Pan, Ge-Sheng and others},
  journal={Physical review letters},
  volume={110},
  number={26},
  pages={260407},
  year={2013},
  publisher={APS}
}


@article{aspelmeyer2003long,
  title={Long-distance quantum communication with entangled photons using satellites},
  author={Aspelmeyer, Markus and Jennewein, Thomas and Pfennigbauer, Martin and Leeb, Walter R and Zeilinger, Anton},
  journal={IEEE Journal of Selected Topics in Quantum Electronics},
  volume={9},
  number={6},
  pages={1541--1551},
  year={2003},
  publisher={IEEE}
}

@article{liao2016ground,
  title={Ground test of satellite constellation based quantum communication},
  author={Liao, Sheng-Kai and Yong, Hai-Lin and Liu, Chang and Shentu, Guo-Liang and Li, Dong-Dong and Lin, Jin and Dai, Hui and Zhao, Shuang-Qiang and Li, Bo and Guan, Jian-Yu and others},
  journal={arXiv preprint arXiv:1611.09982},
  year={2016}
}

@article{armengol08,
  title={Quantum communications at ESA: Towards a space experiment on the ISS},
  author={Armengol, Josep Maria Perdigues and Furch, Bernhard and de Matos, Clovis Jacinto and Minster, Olivier and Cacciapuoti, Luigi and Pfennigbauer, Martin and Aspelmeyer, Markus and Jennewein, Thomas and Ursin, Rupert and Schmitt-Manderbach, Tobias and others},
  journal={Acta Astronautica},
  volume={63},
  number={1},
  pages={165--178},
  year={2008},
  publisher={Elsevier}
}


@article{gibney16,
  author={E. Gibney},
  journal={Nature},
  volume={535},
  pages={478},
  year={2016},
  publisher={Nature Publishing Group}
}


@article{xin11,
  title={Chinese academy takes space under its wing},
  author={Xin, Hao},
  journal={Science},
  volume={332},
  number={6032},
  pages={904--904},
  year={2011},
  publisher={American Association for the Advancement of Science}
}

@article{popkin17,
    author  = "Gabriel Popkin",
    title   = "China’s quantum satellite achieves ‘spooky action’ at record distance",
    year    = "Jun 15, 2017",
    journal = "Science News",
}

@article{yin2017satellite,
  title={Satellite-based entanglement distribution over 1200 kilometers},
  author={Yin, Juan and Cao, Yuan and Li, Yu-Huai and Liao, Sheng-Kai and Zhang, Liang and Ren, Ji-Gang and Cai, Wen-Qi and Liu, Wei-Yue and Li, Bo and Dai, Hui and others},
  journal={Science},
  volume={356},
  number={6343},
  pages={1140--1144},
  year={2017},
  publisher={American Association for the Advancement of Science}
}

@article{ren2017ground,
  title={Ground-to-satellite quantum teleportation},
  author={Ren, Ji-Gang and Xu, Ping and Yong, Hai-Lin and Zhang, Liang and Liao, Sheng-Kai and Yin, Juan and Liu, Wei-Yue and Cai, Wen-Qi and Yang, Meng and Li, Li and others},
  journal={arXiv preprint arXiv:1707.00934},
  year={2017}
}

@article{horiuchi2015view,
  title={View from... QCMC 2014: Expanding ambitions},
  author={Horiuchi, Noriaki},
  journal={Nature Photonics},
  volume={9},
  number={1},
  pages={13--14},
  year={2015},
  publisher={Nature Research}
}

@inproceedings{toyoshima2015current,
  title={Current status of research and development on space laser communications technologies and future plans in NICT},
  author={Toyoshima, Morio and Fuse, Tetsuharu and Kolev, Dimitar R and Takenaka, Hideki and Munemasa, Yasushi and Iwakiri, Naohiko and Suzuki, Kenji and Koyama, Yoshisada and Kubooka, Toshihiro and Akioka, Maki and others},
  booktitle={Space Optical Systems and Applications (ICSOS), 2015 IEEE International Conference on},
  pages={1--5},
  year={2015},
  organization={IEEE}
}

@article{tang2016generation,
  title={Generation and analysis of correlated pairs of photons aboard a nanosatellite},
  author={Tang, Zhongkan and Chandrasekara, Rakhitha and Tan, Yue Chuan and Cheng, Cliff and Sha, Luo and Hiang, Goh Cher and Oi, Daniel KL and Ling, Alexander},
  journal={Physical Review Applied},
  volume={5},
  number={5},
  pages={054022},
  year={2016},
  publisher={APS}
}

@article{takenaka2017,
  title={Satellite-to-ground quantum-limited communication using a 50-kg-class microsatellite},
  author={Hideki Takenaka and Alberto Carrasco-Casado and Mikio Fujiwara and Mitsuo Kitamura and Masahide Sasaki and Morio Toyoshima},
  journal={Nature photonics},
  volume={11},
  pages={502},
  year={2017},
  publisher={Nature Research}
}

@article{carrasco2016leo,
  title={LEO-to-ground polarization measurements aiming for space QKD using Small Optical TrAnsponder (SOTA)},
  author={Carrasco-Casado, Alberto and Kunimori, Hiroo and Takenaka, Hideki and Kubo-Oka, Toshihiro and Akioka, Maki and Fuse, Tetsuharu and Koyama, Yoshisada and Kolev, Dimitar and Munemasa, Yasushi and Toyoshima, Morio},
  journal={Optics express},
  volume={24},
  number={11},
  pages={12254--12266},
  year={2016},
  publisher={Optical Society of America}
}


@article{villoresi08,
  title={Experimental verification of the feasibility of a quantum channel between space and Earth},
  author={Villoresi, Paolo and Jennewein, Thomas and Tamburini, Fabrizio and Aspelmeyer, Markus and Bonato, Cristian and Ursin, Rupert and Pernechele, Claudio and Luceri, Vincenza and Bianco, Giuseppe and Zeilinger, Anton and others},
  journal={New Journal of Physics},
  volume={10},
  number={3},
  pages={033038},
  year={2008},
  publisher={IOP Publishing}
}

@article{vallone15,
  title={Experimental satellite quantum communications},
  author={Vallone, Giuseppe and Bacco, Davide and Dequal, Daniele and Gaiarin, Simone and Luceri, Vincenza and Bianco, Giuseppe and Villoresi, Paolo},
  journal={Physical review letters},
  volume={115},
  number={4},
  pages={040502},
  year={2015},
  publisher={APS}
}


@article{jennewein2014qeyssat,
  title={QEYSSAT: a mission proposal for a quantum receiver in space},
  author={Jennewein, T and Bourgoin, JP and Choi, E and D'Souza, I and Hudson, D and Laflamme, R and Higgins, B and Holloway, C and Meyer-Scott, E and Erven, C and others},
  year={2014},
  publisher={Bellingham, Washington: SPIE}
}

@article{ludlow2015optical,
  title={Optical atomic clocks},
  author={Ludlow, Andrew D and Boyd, Martin M and Ye, Jun and Peik, Ekkehard and Schmidt, Piet O},
  journal={Reviews of Modern Physics},
  volume={87},
  number={2},
  pages={637},
  year={2015},
  publisher={APS}
}

@article{jozsa00,
    author  = "Richard Jozsa and Daniel S. Abrams and Jonathan P. Dowling and Colin P. Williams",
    title   = "Quantum Clock Synchronization Based on Shared Prior Entanglement",
    year    = "2000",
    journal = "Physical Review Letters",
    volume  = "85",
    number = "2010"    
}

@article{komar14,
title="A quantum network of clocks",
author="Komar, P. and Kessler, E. M. and Bishof, M.; Jiang, L. and Sorensen, A. S. and Ye, J. and Lukin, M. D.",
journal="Nature Physics",
volume="10",
issue="8",
pages="582-587",
year={2014},
month="08",
doi="10.1038/nphys3000"
}

@article{chuang2000quantum,
  title={Quantum algorithm for distributed clock synchronization},
  author={Chuang, Isaac L},
  journal={Physical review letters},
  volume={85},
  number={9},
  pages={2006},
  year={2000},
  publisher={APS}
}

@article{tavakoli2015quantum,
  title={Quantum clock synchronization with a single qudit},
  author={Tavakoli, Armin and Cabello, Ad{\'a}n and {\.Z}ukowski, Marek and Bourennane, Mohamed},
  journal={Scientific reports},
  volume={5},
  year={2015},
  publisher={Nature Publishing Group}
}

@article{ben2011optimized,
  title={Optimized multiparty quantum clock synchronization},
  author={Ben-Av, Radel and Exman, Iaakov},
  journal={Physical Review A},
  volume={84},
  number={1},
  pages={014301},
  year={2011},
  publisher={APS}
}

@article{ren2012clock,
  title={Clock synchronization using maximal multipartite entanglement},
  author={Ren, Changliang and Hofmann, Holger F},
  journal={Physical Review A},
  volume={86},
  number={1},
  pages={014301},
  year={2012},
  publisher={APS}
}

@article{krvco2002quantum,
  title={Quantum clock synchronization: Multiparty protocol},
  author={Kr{\v{c}}o, Marko and Paul, Prabasaj},
  journal={Physical Review A},
  volume={66},
  number={2},
  pages={024305},
  year={2002},
  publisher={APS}
}

@article{valencia2004distant,
  title={Distant clock synchronization using entangled photon pairs},
  author={Valencia, Alejandra and Scarcelli, Giuliano and Shih, Yanhua},
  journal={Applied Physics Letters},
  volume={85},
  number={13},
  pages={2655--2657},
  year={2004},
  publisher={AIP}
}

@article{quan2016demonstration,
  title={Demonstration of quantum synchronization based on second-order quantum coherence of entangled photons},
  author={Quan, Runai and Zhai, Yiwei and Wang, Mengmeng and Hou, Feiyan and Wang, Shaofeng and Xiang, Xiao and Liu, Tao and Zhang, Shougang and Dong, Ruifang},
  journal={Scientific reports},
  volume={6},
  year={2016},
  publisher={Nature Publishing Group}
}

@article{zhang2004nuclear,
  title={Nuclear magnetic resonance implementation of a quantum clock synchronization algorithm},
  author={Zhang, Jingfu and Long, Gui Lu and Deng, Zhiwei and Liu, Wenzhang and Lu, Zhiheng},
  journal={Physical Review A},
  volume={70},
  number={6},
  pages={062322},
  year={2004},
  publisher={APS}
}

@article{kong2017implementation,
  title={Implementation of Multiparty quantum clock synchronization},
  author={Kong, Xiangyu and Xin, Tao and Wei, ShiJie and Wang, Bixue and Li, Keren and Long, GuiLu},
  journal={arXiv preprint arXiv:1708.06050},
  year={2017}
}

@article{preskill2000quantum,
  title={Quantum clock synchronization and quantum error correction},
  author={Preskill, John},
  journal={arXiv preprint quant-ph/0010098},
  year={2000}
}

@article{yurtsever02,
  title = "Lorentz-invariant look at quantum clock-synchronization protocols based on distributed entanglement",
  author = "Yurtsever, Ulvi and Dowling, Jonathan P.",
  journal = "Phys. Rev. A",
  volume = "65",
  issue = "5",
  pages = "052317",
  numpages = "6",
  year = "2002",
  month = "May",
  publisher = "American Physical Society",
  doi = "10.1103/PhysRevA.65.052317",
}

@inproceedings{hughes2000quantum,
  title={Quantum cryptography for secure satellite communications},
  author={Hughes, Richard J and Buttler, William T and Kwiat, Paul G and Lamoreuax, SK and Morgan, GL and Nordholt, Jane E and Peterson, Charles G},
  booktitle={Aerospace Conference Proceedings, 2000 IEEE},
  volume={1},
  pages={191--200},
  year={2000},
  organization={IEEE}
}

@article{rarity2002ground,
  title={Ground to satellite secure key exchange using quantum cryptography},
  author={Rarity, JG and Tapster, PR and Gorman, PM and Knight, P},
  journal={New Journal of Physics},
  volume={4},
  number={1},
  pages={82},
  year={2002},
  publisher={IOP Publishing}
}

@book{pfennigbauer2003free,
  title={Free-space optical quantum key distribution using intersatellite links},
  author={Pfennigbauer, Martin and Leeb, Walter and Aspelmeyer, Markus and Jennewein, Thomas and Zeilinger, Anton},
  year={2003},
  publisher={na}
}


@article{lo2014secure,
  title={Secure quantum key distribution},
  author={Lo, Hoi-Kwong and Curty, Marcos and Tamaki, Kiyoshi},
  journal={Nature Photonics},
  volume={8},
  number={8},
  pages={595--604},
  year={2014},
  publisher={Nature Research}
}

@article{liao2017satellite,
  title={Satellite-to-ground quantum key distribution},
  author={Liao, Sheng-Kai and Cai, Wen-Qi and Liu, Wei-Yue and Zhang, Liang and Li, Yang and Ren, Ji-Gang and Yin, Juan and Shen, Qi and Cao, Yuan and Li, Zheng-Ping and others},
  journal={arXiv preprint arXiv:1707.00542},
  year={2017}
}


@article{kaltenbaek2003proof,
  title={Proof-of-concept experiments for quantum physics in space},
  author={Kaltenbaek, Rainer and Aspelmeyer, Markus and Jennewein, Thomas and Brukner, Caslav and Pfennigbauer, Martin and Leeb, Walter R and Zeilinger, Anton},
  journal={arXiv preprint quant-ph/0308174},
  year={2003}
}

@article{scheidl2013quantum,
  title={Quantum optics experiments using the International Space Station: a proposal},
  author={Scheidl, Thomas and Wille, Eric and Ursin, Rupert},
  journal={New Journal of Physics},
  volume={15},
  number={4},
  pages={043008},
  year={2013},
  publisher={IOP Publishing}
}

@article{ahmadi2014relativistic,
  title={Relativistic Quantum Metrology: Exploiting relativity to improve quantum measurement technologies},
  author={Ahmadi, Mehdi and Bruschi, David Edward and Sab{\'\i}n, Carlos and Adesso, Gerardo and Fuentes, Ivette},
  journal={Scientific reports},
  volume={4},
  year={2014},
  publisher={Nature Publishing Group}
}

@article{gingrich03,
    author  = "Robert. M. Gingrich and Attila. J. Bergou and Christoph Adami",
    title   = "Entangled light in moving frames",
    year    = "2003",
    journal = "Physical Review A",
    volume  = "68",
    number = "042102"    
}

@article{byrnes2017lorentz,
  title={Lorentz invariant entanglement distribution for the space-based quantum network},
  author={Byrnes, Tim and Ilyas, Batyr and Tessler, Louis and Takeoka, Masahiro and Jambulingam, Segar and Dowling, Jonathan P},
  journal={arXiv preprint arXiv:1704.04774},
  year={2017}
}

@article{li2003relativistic,
  title={Relativistic invariant quantum entanglement between the spins of moving bodies},
  author={Li, Hui and Du, Jiangfeng},
  journal={Physical Review A},
  volume={68},
  number={2},
  pages={022108},
  year={2003},
  publisher={APS}
}


@article{ekert1991quantum,
  title={Quantum cryptography based on Bell’s theorem},
  author={Ekert, Artur K},
  journal={Physical review letters},
  volume={67},
  number={6},
  pages={661},
  year={1991},
  publisher={APS}
}
