@article{grover1997quantum,
  title={Quantum mechanics helps in searching for a needle in a haystack},
  author={Grover, Lov K},
  journal={Physical review letters},
  volume={79},
  number={2},
  pages={325},
  year={1997},
  publisher={APS}
}

@article{bennett1997strengths,
  title={Strengths and weaknesses of quantum computing},
  author={Bennett, Charles H and Bernstein, Ethan and Brassard, Gilles and Vazirani, Umesh},
  journal={SIAM journal on Computing},
  volume={26},
  number={5},
  pages={1510--1523},
  year={1997},
  publisher={SIAM}
}

@misc{grover2005acm,
  title={ACM Symp. on Parallel Algorithms and Architectures},
  author={Grover, LK and Radhakrishnan, J},
  year={2005},
  publisher={Las Vegas, Nevada, USA p}
}

@article{choi2007quantum,
  title={Quantum partial search of a database with several target items},
  author={Choi, Byung-Soo and Korepin, Vladimir E},
  journal={Quantum Information Processing},
  volume={6},
  number={4},
  pages={243--254},
  year={2007},
  publisher={Springer}
}

@article{korepin2005optimization,
  title={Optimization of partial search},
  author={Korepin, Vladimir E},
  journal={Journal of Physics A: Mathematical and General},
  volume={38},
  number={44},
  pages={L731},
  year={2005},
  publisher={IOP Publishing}
}

@article{korepin2006quest,
  title={Quest for fast partial search algorithm},
  author={Korepin, Vladimir E and Liao, Jinfeng},
  journal={Quantum Information Processing},
  volume={5},
  number={3},
  pages={209--226},
  year={2006},
  publisher={Springer}
}

@article{korepin2006group,
  title={Group Theoretical Formulation of a Quantum Partial Search Algorithm*},
  author={Korepin, Vladimir E and Vallilo, Brenno C},
  journal={Progress of theoretical physics},
  volume={116},
  number={5},
  pages={783--793},
  year={2006},
  publisher={Oxford University Press}
}

@article{korepin2009quantum,
  title={Quantum search algorithms},
  author={Korepin, Vladimir E and Xu, Ying},
  journal={International Journal of Modern Physics B},
  volume={23},
  number={31},
  pages={5727--5758},
  year={2009},
  publisher={World Scientific}
}

@article{korepin2007hierarchical,
  title={Hierarchical quantum search},
  author={Korepin, Vladimir E and Xu, Ying},
  journal={International Journal of Modern Physics B},
  volume={21},
  number={31},
  pages={5187--5205},
  year={2007},
  publisher={World Scientific}
}

@article{brassard2002quantum,
  title={Quantum amplitude amplification and estimation},
  author={Brassard, Gilles and Hoyer, Peter and Mosca, Michele and Tapp, Alain},
  journal={Contemporary Mathematics},
  volume={305},
  pages={53--74},
  year={2002},
  publisher={Providence, RI; American Mathematical Society; 1999}
}

@article{boyer1996tight,
  title={Tight bounds on quantum searching},
  author={Boyer, Michel and Brassard, Gilles and H{\o}yer, Peter and Tapp, Alain},
  journal={arXiv preprint quant-ph/9605034},
  year={1996}
}

@article{brassard1998quantum,
  title={Quantum counting},
  author={Brassard, Gilles and H{\o}yer, Peter and Tapp, Alain},
  journal={Automata, languages and programming},
  pages={820--831},
  year={1998},
  publisher={Springer}
}

@inproceedings{mosca1998quantum,
  title={Quantum searching, counting and amplitude amplification by eigenvector analysis},
  author={Mosca, Michele and others},
  booktitle={MFCS¡¯98 workshop on Randomized Algorithms},
  pages={90--100},
  year={1998}
}

@article{durr1996quantum,
  title={A quantum algorithm for finding the minimum},
  author={Durr, Christoph and Hoyer, Peter},
  journal={arXiv preprint quant-ph/9607014},
  year={1996}
}

@inproceedings{nayak1999quantum,
  title={The quantum query complexity of approximating the median and related statistics},
  author={Nayak, Ashwin and Wu, Felix},
  booktitle={Proceedings of the thirty-first annual ACM symposium on Theory of computing},
  pages={384--393},
  year={1999},
  organization={ACM}
}

@article{kowada2008new,
  title={A new quantum algorithm for solving the minimum searching problem},
  author={Kowada, Luis Antonio Brasil and Lavor, Carlile and Portugal, Renato and De Figueiredo, Celina MH},
  journal={International Journal of Quantum Information},
  volume={6},
  number={03},
  pages={427--436},
  year={2008},
  publisher={World Scientific}
}

@article{biham1999grover,
  title={Grover¡¯s quantum search algorithm for an arbitrary initial amplitude distribution},
  author={Biham, Eli and Biham, Ofer and Biron, David and Grassl, Markus and Lidar, Daniel A},
  journal={Physical Review A},
  volume={60},
  number={4},
  pages={2742},
  year={1999},
  publisher={APS}
}

@inproceedings{montanaro2010quantum,
  title={Quantum Search with Advice.},
  author={Montanaro, Ashley},
  booktitle={TQC},
  pages={77--93},
  year={2010},
  organization={Springer}
}

@article{ambainis2010variable,
  title={Variable time amplitude amplification and a faster quantum algorithm for solving systems of linear equations},
  author={Ambainis, Andris},
  journal={arXiv preprint arXiv:1010.4458},
  year={2010}
}

@article{regev2004subexponential,
  title={A subexponential time algorithm for the dihedral hidden subgroup problem with polynomial space},
  author={Regev, Oded},
  journal={arXiv preprint quant-ph/0406151},
  year={2004}
}

@article{grover2005fixed,
  title={Fixed-point quantum search},
  author={Grover, Lov K},
  journal={Physical Review Letters},
  volume={95},
  number={15},
  pages={150501},
  year={2005},
  publisher={APS}
}

@article{tulsi2005new,
  title={A new algorithm for fixed point quantum search},
  author={Tulsi, Tathagat and Grover, Lov and Patel, Apoorva},
  journal={arXiv preprint quant-ph/0505007},
  year={2005}
}

@article{childs2004spatial,
  title={Spatial search by quantum walk},
  author={Childs, Andrew M and Goldstone, Jeffrey},
  journal={Physical Review A},
  volume={70},
  number={2},
  pages={022314},
  year={2004},
  publisher={APS}
}

@article{chakraborty2016spatial,
  title={Spatial search by quantum walk is optimal for almost all graphs},
  author={Chakraborty, Shantanav and Novo, Leonardo and Ambainis, Andris and Omar, Yasser},
  journal={Physical review letters},
  volume={116},
  number={10},
  pages={100501},
  year={2016},
  publisher={APS}
}

@article{wong2016quantum,
  title={Quantum walk search on Johnson graphs},
  author={Wong, Thomas G},
  journal={Journal of Physics A: Mathematical and Theoretical},
  volume={49},
  number={19},
  pages={195303},
  year={2016},
  publisher={IOP Publishing}
}

@article{janmark2014global,
  title={Global symmetry is unnecessary for fast quantum search},
  author={Janmark, Jonatan and Meyer, David A and Wong, Thomas G},
  journal={Physical Review Letters},
  volume={112},
  number={21},
  pages={210502},
  year={2014},
  publisher={APS}
}

@article{meyer2015connectivity,
  title={Connectivity is a poor indicator of fast quantum search},
  author={Meyer, David A and Wong, Thomas G},
  journal={Physical review letters},
  volume={114},
  number={11},
  pages={110503},
  year={2015},
  publisher={APS}
}

@article{wong2016spatial,
  title={Spatial search by continuous-time quantum walk with multiple marked vertices},
  author={Wong, Thomas G},
  journal={Quantum Information Processing},
  volume={15},
  number={4},
  pages={1411--1443},
  year={2016},
  publisher={Springer}
}

@article{chuang1998experimental,
  title={Experimental implementation of fast quantum searching},
  author={Chuang, Isaac L and Gershenfeld, Neil and Kubinec, Mark},
  journal={Physical review letters},
  volume={80},
  number={15},
  pages={3408},
  year={1998},
  publisher={APS}
}

@article{brickman2005implementation,
  title={Implementation of Grover¡¯s quantum search algorithm in a scalable system},
  author={Brickman, K-A and Haljan, PC and Lee, PJ and Acton, M and Deslauriers, L and Monroe, C},
  journal={Physical Review A},
  volume={72},
  number={5},
  pages={050306},
  year={2005},
  publisher={APS}
}

@article{walther2005experimental,
  title={Experimental one-way quantum computing},
  author={Walther, P and Resch, KJ and Rudolph, T and Schenck, E and Weinfurter, H and Vedral, V and Aspelmeyer, M and Zeilinger, A},
  journal={Nature},
  volume={434},
  pages={169--176},
  year={2005}
}

@article{dicarlo2009demonstration,
  title={Demonstration of two-qubit algorithms with a superconducting quantum processor},
  author={DiCarlo, L and Chow, JM and Gambetta, JM and Bishop, Lev S and Johnson, BR and Schuster, DI and Majer, J and Blais, A and Frunzio, L and Girvin, SM and others},
  journal={Nature},
  volume={460},
  number={7252},
  pages={240--245},
  year={2009},
  publisher={Nature Publishing Group}
}

@inproceedings{pollard1974theorems,
  title={Theorems on factorization and primality testing},
  author={Pollard, John M},
  booktitle={Mathematical Proceedings of the Cambridge Philosophical Society},
  volume={76},
  number={3},
  pages={521--528},
  year={1974},
  organization={Cambridge University Press}
}

@article{shor1997polynomial,
  title={Polynomial-Time Algorithms for Prime Factorization and Discrete Logarithms on a Quantum Computer},
  author={Shor, Peter W},
  journal={SIAM Journal on Computing},
  volume={26},
  number={5},
  pages={1484},
  year={1997},
  publisher={Society for Industrial and Applied Mathematics}
}

@inproceedings{shor1994algorithms,
  title={Algorithms for quantum computation: Discrete logarithms and factoring},
  author={Shor, Peter W},
  booktitle={Foundations of Computer Science, 1994 Proceedings., 35th Annual Symposium on},
  pages={124--134},
  year={1994},
  organization={Ieee}
}

@article{strassen1976einige,
  title={Einige Resultate {\"u}ber Berechnungskomplexit{\"a}t.},
  author={Strassen, Volker},
  journal={Jahresbericht der Deutschen Mathematiker-Vereinigung},
  volume={78},
  pages={1--8},
  year={1976}
}

@article{grosshans2015factoring,
  title={Factoring Safe Semiprimes with a Single Quantum Query},
  author={Grosshans, Fr{\'e}d{\'e}ric and Lawson, Thomas and Morain, Fran{\c{c}}ois and Smith, Benjamin},
  journal={arXiv preprint arXiv:1511.04385},
  year={2015}
}

@inproceedings{babai2009polynomial,
  title={Polynomial-time theory of matrix groups},
  author={Babai, L{\'a}szl{\'o} and Beals, Robert and Seress, {\'A}kos},
  booktitle={Proceedings of the forty-first annual ACM symposium on Theory of computing},
  pages={55--64},
  year={2009},
  organization={ACM}
}

@article{ross2014optimal,
  title={Optimal ancilla-free Clifford+ T approximation of z-rotations},
  author={Ross, Neil J and Selinger, Peter},
  journal={arXiv preprint arXiv:1403.2975},
  year={2014}
}

@article{monz2016realization,
  title={Realization of a scalable Shor algorithm},
  author={Monz, Thomas and Nigg, Daniel and Martinez, Esteban A and Brandl, Matthias F and Schindler, Philipp and Rines, Richard and Wang, Shannon X and Chuang, Isaac L and Blatt, Rainer},
  journal={Science},
  volume={351},
  number={6277},
  pages={1068--1070},
  year={2016},
  publisher={American Association for the Advancement of Science}
}

@article{lucero2012computing,
  title={Computing prime factors with a Josephson phase qubit quantum processor},
  author={Lucero, Erik and Barends, R and Chen, Y and Kelly, J and Mariantoni, M and Megrant, A and O'malley, P and Sank, D and Vainsencher, A and Wenner, J and others},
  journal={Nature Physics},
  volume={8},
  number={10},
  pages={719},
  year={2012},
  publisher={Nature Publishing Group}
}

@article{martin2012experimental,
  title={Experimental realization of Shor's quantum factoring algorithm using qubit recycling},
  author={Martin-Lopez, Enrique and Laing, Anthony and Lawson, Thomas and Alvarez, Roberto and Zhou, Xiao-Qi and O'brien, Jeremy L},
  journal={Nature Photonics},
  volume={6},
  number={11},
  pages={773--776},
  year={2012},
  publisher={Nature Research}
}

@article{politi2009shor,
  title={Shor¡¯s quantum factoring algorithm on a photonic chip},
  author={Politi, Alberto and Matthews, Jonathan CF and O'brien, Jeremy L},
  journal={Science},
  volume={325},
  number={5945},
  pages={1221--1221},
  year={2009},
  publisher={American Association for the Advancement of Science}
}

@article{lu2007demonstration,
  title={Demonstration of a compiled version of Shor¡¯s quantum factoring algorithm using photonic qubits},
  author={Lu, Chao-Yang and Browne, Daniel E and Yang, Tao and Pan, Jian-Wei},
  journal={Physical Review Letters},
  volume={99},
  number={25},
  pages={250504},
  year={2007},
  publisher={APS}
}

@article{lanyon2007experimental,
  title={Experimental demonstration of a compiled version of Shor¡¯s algorithm with quantum entanglement},
  author={Lanyon, BP and Weinhold, TJ and Langford, Nathan K and Barbieri, M and James, DFV and Gilchrist, Alexei and White, AG},
  journal={Physical Review Letters},
  volume={99},
  number={25},
  pages={250505},
  year={2007},
  publisher={APS}
}

@article{vandersypen2001experimental,
  title={Experimental realization of Shor's quantum factoring algorithm using nuclear magnetic resonance},
  author={Vandersypen, Lieven MK and Steffen, Matthias and Breyta, Gregory and Yannoni, Costantino S and Sherwood, Mark H and Chuang, Isaac L},
  journal={Nature},
  volume={414},
  number={6866},
  pages={883--887},
  year={2001},
  publisher={Nature Publishing Group}
}

@article{johansson2017realization,
  title={Realization of Shor's Algorithm at Room Temperature},
  author={Johansson, Niklas and Larsson, Jan-{\AA}ke},
  journal={arXiv preprint arXiv:1706.03215},
  year={2017}
}

@article{carlsson2009topology,
  title={Topology and data},
  author={Carlsson, Gunnar},
  journal={Bulletin of the American Mathematical Society},
  volume={46},
  number={2},
  pages={255--308},
  year={2009}
}

@article{lloyd2016quantum,
  title={Quantum algorithms for topological and geometric analysis of data},
  author={Lloyd, Seth and Garnerone, Silvano and Zanardi, Paolo},
  journal={Nature communications},
  volume={7},
  pages={10138},
  year={2016},
  publisher={Nature Publishing Group}
}

@article{cohen2007stability,
  title={Stability of persistence diagrams},
  author={Cohen-Steiner, David and Edelsbrunner, Herbert and Harer, John},
  journal={Discrete \& Computational Geometry},
  volume={37},
  number={1},
  pages={103--120},
  year={2007},
  publisher={Springer}
}

@article{basu1999bounding,
  title={On bounding the Betti numbers and computing the Euler characteristic of semi-algebraic sets},
  author={Basu, Saugata},
  journal={Discret. Comput. Geom.},
  volume={22},
  pages={1},
  year={1999},
}

@article{basu2003different,
  title={Different bounds on the different Betti numbers of semi-algebraic sets},
  author={Basu, Saugata},
  journal={Discret. Comput. Geom.},
  volume={30},
  pages={65},
  year={2003}
}

@article{basu2008computing,
  title={Computing the top Betti numbers of semialgebraic sets defined by quadratic inequalities in polynomial time},
  author={Basu, Saugata},
  journal={Found. Comput. Math.},
  volume={8},
  pages={45},
  year={2008}
}

@article{basu2014algorithms,
  title={Algorithms in real algebraic geometry: a survey},
  author={Basu, Saugata},
  journal={arXiv:1409.1534}
}

@article{friedman1998computing,
  title={Computing Betti numbers via combinatorial Laplacians},
  author={Friedman, Joel},
  journal={Algorithmica},
  volume={21},
  pages={331},
  year={1998}
}

@article{huang2017experimental,
  title={Experimental blind quantum computing for a classical client},
  author={Huang, He-Liang and Zhao, Qi and Ma, Xiongfeng and Liu, Chang and Su, Zu-En and Wang, Xi-Lin and Li, Li and Liu, Nai-Le and Sanders, Barry C and Lu, Chao-Yang and others},
  journal={Physical Review Letters},
  volume={119},
  number={5},
  pages={050503},
  year={2017},
  publisher={APS}
}

@article{novak2001quantum,
  title={Quantum complexity of integration},
  author={Novak, Erich},
  journal={Journal of Complexity},
  volume={17},
  number={1},
  pages={2--16},
  year={2001},
  publisher={Elsevier}
}

@article{tan2014quantum,
  title={Quantum Search Algorithm Based on Multi-Phase},
  author={Tan, Li and Wan-Su, Bao and Wen-Qian, Lin and Hou, Zhang and Xiang-Qun, Fu},
  journal={Chinese Physics Letters},
  volume={31},
  number={5},
  pages={050301},
  year={2014},
  publisher={IOP Publishing}
}

@article{zalka1999grover,
  title={Grover¡¯s quantum searching algorithm is optimal},
  author={Zalka, Christof},
  journal={Physical Review A},
  volume={60},
  number={4},
  pages={2746},
  year={1999},
  publisher={APS}
}

@article{yoder2014fixed,
  title={Fixed-point quantum search with an optimal number of queries},
  author={Yoder, Theodore J and Low, Guang Hao and Chuang, Isaac L},
  journal={Physical review letters},
  volume={113},
  number={21},
  pages={210501},
  year={2014},
  publisher={APS}
}
