% Encoding: UTF-8
%% This BibTeX bibliography file was created using BibDesk.
%% https://bibdesk.sourceforge.io/

%% Created for devitt at 2019-01-19 16:58:08 +1100 


%% Saved with string encoding Unicode (UTF-8)

@Article{SD-Berndt2000,
  author  = {E.R. Berndt and E.R. Dulberger and N.J. Rappaport},
  title   = {Price and quality of desktop and mobile personal computers: A quarter century of history},
  journal = {Papers and Proceedings of the Hundred Thirteenth Annual Meeting of the American Economic Association},
  year    = {2000},
  volume  = {91},
  pages   = {268},
  url     = {https://conference.nber.org/confer/2000/si2000/berndt.pdf},
}

@article{SD-Horsman:2012aa,
	Author = {Clare Horsman and Austin G Fowler and Simon Devitt and Rodney Van Meter},
	Journal = {New Journal of Physics},
	Pages = {123011},
	Title = {Surface code quantum computing by lattice surgery},
	Volume = {14},
	Year = {2012}}

@article{SD-Curty:2001aa,
	Author = {Curty, Marcos and Santos, David J.},
	Doi = {10.1103/PhysRevA.64.062309},
	Journal = {Physical Review A},
	Pages = {062309},
	Title = {Quantum authentication of classical messages},
	Volume = {64},
	Year = {2001}}

@article{SD-Clauser:1969aa,
	Author = {Clauser, John F. and Horne, Michael A. and Shimony, Abner and Holt, Richard A.},
	Doi = {10.1103/PhysRevLett.23.880},
	Journal = {Physical Review Letters},
	Pages = {880},
	Title = {Proposed Experiment to Test Local Hidden-Variable Theories},
	Volume = {23},
	Year = {1969}}

@article{SD-Milgram1967,
	Author = {S. Milgram},
	Journal = {Psychology Today},
	Pages = {60},
	Title = {The Small World Problem},
	Volume = {2},
	Year = {1967}}

@article{SD-Zukowski:1993aa,
	Author = {{\.Z}ukowski, M. and Zeilinger, A. and Horne, M. A. and Ekert, A. K.},
	Doi = {10.1103/PhysRevLett.71.4287},
	Journal = {Physical Review Letters},
	Pages = {4287},
	Title = {``Event-ready-detectors'' Bell experiment via entanglement swapping},
	Volume = {71},
	Year = {1993}}

@article{SD-Reiher:2017aa,
	Author = {Reiher, Markus and Wiebe, Nathan and Svore, Krysta M. and Wecker, Dave and Troyer, Matthias},
	Journal = {Proceedings of the National Academy of Sciences},
	Doi = {10.1073/pnas.1619152114},
	Month = {07},
	Title = {Elucidating reaction mechanisms on quantum computers},
	Year = {2017}}

@article{SD-Nemoto:2014aa,
	Author = {Nemoto, Kae and Trupke, Michael and Devitt, Simon J. and Stephens, Ashley M. and Scharfenberger, Burkhard and Buczak, Kathrin and N{\"o}bauer, Tobias and Everitt, Mark S. and Schmiedmayer, J{\"o}rg and Munro, William J.},
	Doi = {10.1103/PhysRevX.4.031022},
	Journal = {Physical Review X},
	Pages = {031022},
	Title = {Photonic Architecture for Scalable Quantum Information Processing in Diamond},
	Volume = {4},
	Year = {2014}}

@article{SD-Lekitsch:2017aa,
	Author = {Lekitsch, Bjoern and Weidt, Sebastian and Fowler, Austin G. and M{\o}lmer, Klaus and Devitt, Simon J. and Wunderlich, Christof and Hensinger, Winfried K.},
	Journal = {Science Advances},
	Doi = {10.1126/sciadv.1601540},
	Title = {Blueprint for a microwave trapped ion quantum computer},
	Volume = {3},
	Year = {2017}}

@article{SD-Hill:2015aa,
	Author = {Hill, Charles D. and Peretz, Eldad and Hile, Samuel J. and House, Matthew G. and Fuechsle, Martin and Rogge, Sven and Simmons, Michelle Y. and Hollenberg, Lloyd C. L.},
	Journal = {Science Advances},
	Doi = {10.1126/sciadv.1500707},
	Title = {A surface code quantum computer in silicon},
	Volume = {1},
	Year = {2015}}

@article{SD-Gimeno-Segovia:2015aa,
	Author = {Gimeno-Segovia, Mercedes and Shadbolt, Pete and Browne, Dan E. and Rudolph, Terry},
	Doi = {10.1103/PhysRevLett.115.020502},
	Journal = {Physical Review Letters},
	Pages = {020502},
	Title = {From Three-Photon Greenberger-Horne-Zeilinger States to Ballistic Universal Quantum Computation},
	Volume = {115},
	Year = {2015}}

@article{SD-Jones:2012aa,
	Author = {Jones, N. Cody and Van Meter, Rodney and Fowler, Austin G. and McMahon, Peter L. and Kim, Jungsang and Ladd, Thaddeus D. and Yamamoto, Yoshihisa},
	Doi = {10.1103/PhysRevX.2.031007},
	Journal = {Physical Review X},
	Pages = {031007},
	Title = {Layered Architecture for Quantum Computing},
	Volume = {2},
	Year = {2012}}

@article{SD-Breuckmann:2017aa,
	Author = {Nikolas P Breuckmann and Christophe Vuillot and Earl Campbell and Anirudh Krishna and Barbara M Terhal},
	Journal = {Quantum Science and Technology},
	Pages = {035007},
	Title = {Hyperbolic and semi-hyperbolic surface codes for quantum storage},
	Volume = {2},
	Year = {2017}}

@article{SD-Bombin:2015aa,
	Author = {H{\'e}ctor Bomb{\'\i}n},
	Journal = {New Journal of Physics},
	Pages = {083002},
	Title = {Gauge color codes: optimal transversal gates and gauge fixing in topological stabilizer codes},
	Volume = {17},
	Year = {2015}}

@article{SD-Fawzi:2018aa,
	Author = {O. Fawzi and A. Grospellier and A. Leverrier},
	Doi = {10.1109/FOCS.2018.00076},
	Isbn = {2575-8454},
	Journal = {2018 IEEE 59th Annual Symposium on Foundations of Computer Science (FOCS)},
	Pages = {743},
	Title = {Constant Overhead Quantum Fault-Tolerance with Quantum Expander Codes},
	Year = {2018}}

@article{SD-Tuckett:2018aa,
	Author = {Tuckett, David K. and Bartlett, Stephen D. and Flammia, Steven T.},
	Doi = {10.1103/PhysRevLett.120.050505},
	Journal = {Physical Review Letters},
	Pages = {050505},
	Title = {Ultrahigh Error Threshold for Surface Codes with Biased Noise},
	Volume = {120},
	Year = {2018}}

@article{SD-Nagayama:2017aa,
	Author = {Shota Nagayama and Austin G Fowler and Dominic Horsman and Simon J Devitt and Rodney Van Meter},
	Journal = {New Journal of Physics},
	Pages = {023050},
	Title = {Surface code error correction on a defective lattice},
	Volume = {19},
	Year = {2017}}

@article{SD-Stace:2010aa,
	Author = {Stace, Thomas M. and Barrett, Sean D.},
	Doi = {10.1103/PhysRevA.81.022317},
	Journal = {Physical Review A},
	Pages = {022317},
	Title = {Error correction and degeneracy in surface codes suffering loss},
	Volume = {81},
	Year = {2010}}

@article{SD-Stephens:2014aa,
	Author = {Stephens, Ashley M.},
	Doi = {10.1103/PhysRevA.89.022321},
	Journal = {Physical Review A},
	Pages = {022321},
	Title = {Fault-tolerant thresholds for quantum error correction with the surface code},
	Volume = {89},
	Year = {2014}}

@article{SD-Wang:2011aa,
	Author = {Wang, David S. and Fowler, Austin G. and Hollenberg, Lloyd C. L.},
	Doi = {10.1103/PhysRevA.83.020302},
	Journal = {Physical Review A},
	Pages = {020302},
	Title = {Surface code quantum computing with error rates over 1{\%}},
	Volume = {83},
	Year = {2011}}

@article{SD-Fowler:2012aa,
	Author = {Fowler, Austin G. and Mariantoni, Matteo and Martinis, John M. and Cleland, Andrew N.},
	Doi = {10.1103/PhysRevA.86.032324},
	Journal = {Physical Review A},
	Pages = {032324},
	Title = {Surface codes: Towards practical large-scale quantum computation},
	Volume = {86},
	Year = {2012}}

@article{SD-Preskill2018quantumcomputingin,
	Author = {Preskill, John},
	Doi = {10.22331/q-2018-08-06-79},
	Journal = {{Quantum}},
	Pages = {79},
	Title = {Quantum {C}omputing in the {NISQ} era and beyond},
	Volume = {2},
	Year = {2018}}

@article{SD-Tosi:2017aa,
	Author = {Tosi, Guilherme and Mohiyaddin, Fahd A. and Schmitt, Vivien and Tenberg, Stefanie and Rahman, Rajib and Klimeck, Gerhard and Morello, Andrea},
	Doi = {10.1038/s41467-017-00378-x},
	Journal = {Nature Communications},
	Pages = {450},
	Title = {Silicon quantum processor with robust long-distance qubit couplings},
	Volume = {8},
	Year = {2017}}

@article{SD-Kurpiers:2018aa,
	Author = {Kurpiers, P. and Magnard, P. and Walter, T. and Royer, B. and Pechal, M. and Heinsoo, J. and Salath{\'e}, Y. and Akin, A. and Storz, S. and Besse, J. -C. and Gasparinetti, S. and Blais, A. and Wallraff, A.},
	Doi = {10.1038/s41586-018-0195-y},
	Journal = {Nature},
	Number = {7709},
	Pages = {264},
	Title = {Deterministic quantum state transfer and remote entanglement using microwave photons},
	Volume = {558},
	Year = {2018}}

@article{SD-Gehrz2007,
	Author = {R.D. Gehrz and T.L. Roellig and M.W. Werner and G.G. Fazio and J.R. Houck and F.J. Low and G.H. Rieke and B.T. Soifer and D.A. Levine and E.A. Romana},
	Journal = {Review of Scientific Instruments},
	Pages = {011302},
	Title = {{The NASA Spitzer Space Telescope}},
	Volume = {78},
	Year = {2007}}

@article{SD-Aharonovich:2011aa,
	Author = {Aharonovich, Igor and Greentree, Andrew D. and Prawer, Steven},
	Journal = {Nature Photonics},
	Doi = {10.1038/nphoton.2011.54},
	Pages = {397},
	Title = {Diamond photonics},
	Volume = {5},
	Year = {2011}}

@article{SD-Devitt:2013aa,
	Author = {Simon J Devitt and William J Munro and Kae Nemoto},
	Journal = {Reports on Progress in Physics},
	Pages = {076001},
	Title = {Quantum error correction for beginners},
	Volume = {76},
	Year = {2013}}

@article{SD-Zhong:2015aa,
	Author = {Zhong, Manjin and Hedges, Morgan P. and Ahlefeldt, Rose L. and Bartholomew, John G. and Beavan, Sarah E. and Wittig, Sven M. and Longdell, Jevon J. and Sellars, Matthew J.},
	Journal = {Nature},
	Doi = {10.1038/nature14025},
	Pages = {177 EP},
	Title = {Optically addressable nuclear spins in a solid with a six-hour coherence time},
	Volume = {517},
	Year = {2015}}

@article{SD-Rancic:2017aa,
	Author = {Ran{\v c}i{\'c}, Milo{\v s} and Hedges, Morgan P. and Ahlefeldt, Rose L. and Sellars, Matthew J.},
	Journal = {Nature Physics},
	Doi = {10.1038/nphys4254},
	Pages = {50},
	Title = {Coherence time of over a second in a telecom-compatible quantum memory storage material},
	Volume = {14},
	Year = {2017}}

@article{SD-Astner:2018aa,
	Author = {Astner, T. and Gugler, J. and Angerer, A. and Wald, S. and Putz, S. and Mauser, N. J. and Trupke, M. and Sumiya, H. and Onoda, S. and Isoya, J. and Schmiedmayer, J. and Mohn, P. and Majer, J.},
	Doi = {10.1038/s41563-017-0008-y},
	Journal = {Nature Materials},
	Pages = {313},
	Title = {Solid-state electron spin lifetime limited by phononic vacuum modes},
	Volume = {17},
	Year = {2018}}

@article{SD-Terhal:2015aa,
	Author = {Terhal, Barbara M.},
	Doi = {10.1103/RevModPhys.87.307},
	Journal = {Reviews of Modern Physics},
	Pages = {307},
	Title = {Quantum error correction for quantum memories},
	Volume = {87},
	Year = {2015}}

@article{SD-Merkle:1978:SCO:359460.359473,
	Author = {Merkle, Ralph C.},
	Doi = {10.1145/359460.359473},
	Journal = {Communications ACM},
	Pages = {294},
	Title = {Secure Communications over Insecure Channels},
	Volume = {21},
	Year = {1978}}

@article{SD-Shannon:1949aa,
	Author = {C. E. Shannon},
	Doi = {10.1002/j.1538-7305.1949.tb00928.x},
	Journal = {The Bell System Technical Journal},
	Pages = {656},
	Title = {Communication theory of secrecy systems},
	Volume = {28},
	Year = {1949}}

@article{SD-Devitt:2016aa,
	Author = {Devitt, Simon J. and Greentree, Andrew D. and Stephens, Ashley M. and Van Meter, Rodney},
	Journal = {Scientific Reports},
	Doi = {10.1038/srep36163},
	Pages = {36163},
	Title = {High-speed quantum networking by ship},
	Volume = {6},
	Year = {2016}}

@article{SD-Devitt2011,
	Author = {S.J. Devitt and W.J. Munro and K. Nemoto},
	Journal = {Progress in Informatics},
	Pages = {49},
	Title = {{High Performance Quantum Computing}},
	Volume = {8},
	Year = {2011}}

@article{SD-Fitzsimons:2017aa,
	Author = {Fitzsimons, Joseph F.},
	Doi = {10.1038/s41534-017-0025-3},
	Journal = {NPJ Quantum Information},
	Pages = {23},
	Title = {Private quantum computation: an introduction to blind quantum computing and related protocols},
	Volume = {3},
	Year = {2017}}

@article{SD-Peev:2009aa,
	Author = {M Peev and C Pacher and R All{\'e}aume and C Barreiro and J Bouda and W Boxleitner and T Debuisschert and E Diamanti and M Dianati and J F Dynes and S Fasel and S Fossier and M F{\"u}rst and J-D Gautier and O Gay and N Gisin and P Grangier and A Happe and Y Hasani and M Hentschel and H H{\"u}bel and G Humer and T L{\"a}nger and M Legr{\'e} and R Lieger and J Lodewyck and T Lor{\"u}nser and N L{\"u}tkenhaus and A Marhold and T Matyus and O Maurhart and L Monat and S Nauerth and J-B Page and A Poppe and E Querasser and G Ribordy and S Robyr and L Salvail and A W Sharpe and A J Shields and D Stucki and M Suda and C Tamas and T Themel and R T Thew and Y Thoma and A Treiber and P Trinkler and R Tualle-Brouri and F Vannel and N Walenta and H Weier and H Weinfurter and I Wimberger and Z L Yuan and H Zbinden and A Zeilinger},
	Journal = {New Journal of Physics},
	Pages = {075001},
	Title = {The SECOQC quantum key distribution network in Vienna},
	Volume = {11},
	Year = {2009}}

@article{SD-Liao:2017aa,
	Author = {Liao, Sheng-Kai and Cai, Wen-Qi and Liu, Wei-Yue and Zhang, Liang and Li, Yang and Ren, Ji-Gang and Yin, Juan and Shen, Qi and Cao, Yuan and Li, Zheng-Ping and Li, Feng-Zhi and Chen, Xia-Wei and Sun, Li-Hua and Jia, Jian-Jun and Wu, Jin-Cai and Jiang, Xiao-Jun and Wang, Jian-Feng and Huang, Yong-Mei and Wang, Qiang and Zhou, Yi-Lin and Deng, Lei and Xi, Tao and Ma, Lu and Hu, Tai and Zhang, Qiang and Chen, Yu-Ao and Liu, Nai-Le and Wang, Xiang-Bin and Zhu, Zhen-Cai and Lu, Chao-Yang and Shu, Rong and Peng, Cheng-Zhi and Wang, Jian-Yu and Pan, Jian-Wei},
	Journal = {Nature},
	Doi = {10.1038/nature23655},
	Pages = {43},
	Title = {Satellite-to-ground quantum key distribution},
	Volume = {549},
	Year = {2017}}

@article{SD-Schmitt-Manderbach:2007aa,
	Author = {Schmitt-Manderbach, Tobias and Weier, Henning and F{\"u}rst, Martin and Ursin, Rupert and Tiefenbacher, Felix and Scheidl, Thomas and Perdigues, Josep and Sodnik, Zoran and Kurtsiefer, Christian and Rarity, John G. and Zeilinger, Anton and Weinfurter, Harald},
	Doi = {10.1103/PhysRevLett.98.010504},
	Journal = {Physical Review Letters},
	Pages = {010504},
	Title = {Experimental Demonstration of Free-Space Decoy-State Quantum Key Distribution over 144 km},
	Volume = {98},
	Year = {2007}}|

@article{SD-Ma:2012aa,
	Author = {Ma, Xiao-Song and Herbst, Thomas and Scheidl, Thomas and Wang, Daqing and Kropatschek, Sebastian and Naylor, William and Wittmann, Bernhard and Mech, Alexandra and Kofler, Johannes and Anisimova, Elena and Makarov, Vadim and Jennewein, Thomas and Ursin, Rupert and Zeilinger, Anton},
	Journal = {Nature},
	Doi = {10.1038/nature11472},
	Pages = {269},
	Title = {Quantum teleportation over 143 kilometres using active feed-forward},
	Volume = {489},
	Year = {2012}}

@article{SD-Ursin:2007aa,
	Author = {Ursin, R. and Tiefenbacher, F. and Schmitt-Manderbach, T. and Weier, H. and Scheidl, T. and Lindenthal, M. and Blauensteiner, B. and Jennewein, T. and Perdigues, J. and Trojek, P. and {\"O}mer, B. and F{\"u}rst, M. and Meyenburg, M. and Rarity, J. and Sodnik, Z. and Barbieri, C. and Weinfurter, H. and Zeilinger, A.},
	Journal = {Nature Physics},
	Doi = {10.1038/nphys629},
	Pages = {481},
	Title = {Entanglement-based quantum communication over 144 km},
	Volume = {3},
	Year = {2007}}

@article{SD-Tang:2016aa,
	Author = {Tang, Zhongkan and Chandrasekara, Rakhitha and Tan, Yue Chuan and Cheng, Cliff and Sha, Luo and Hiang, Goh Cher and Oi, Daniel K. L. and Ling, Alexander},
	Doi = {10.1103/PhysRevApplied.5.054022},
	Journal = {Physical Review Applied},
	Pages = {054022},
	Title = {Generation and Analysis of Correlated Pairs of Photons aboard a Nanosatellite},
	Volume = {5},
	Year = {2016}}

@article{SD-Yin:2017aa,
	Author = {Yin, Juan and Cao, Yuan and Li, Yu-Huai and Liao, Sheng-Kai and Zhang, Liang and Ren, Ji-Gang and Cai, Wen-Qi and Liu, Wei-Yue and Li, Bo and Dai, Hui and Li, Guang-Bing and Lu, Qi-Ming and Gong, Yun-Hong and Xu, Yu and Li, Shuang-Lin and Li, Feng-Zhi and Yin, Ya-Yun and Jiang, Zi-Qing and Li, Ming and Jia, Jian-Jun and Ren, Ge and He, Dong and Zhou, Yi-Lin and Zhang, Xiao-Xiang and Wang, Na and Chang, Xiang and Zhu, Zhen-Cai and Liu, Nai-Le and Chen, Yu-Ao and Lu, Chao-Yang and Shu, Rong and Peng, Cheng-Zhi and Wang, Jian-Yu and Pan, Jian-Wei},
	Doi = {10.1126/science.aan3211},
	Journal = {Science},
	Pages = {1140},
	Title = {Satellite-based entanglement distribution over 1200 kilometers},
	Volume = {356},
	Year = {2017}}

@article{SD-Takenaka:2017aa,
	Author = {Takenaka, Hideki and Carrasco-Casado, Alberto and Fujiwara, Mikio and Kitamura, Mitsuo and Sasaki, Masahide and Toyoshima, Morio},
	Journal = {Nature Photonics},
	Doi = {10.1038/nphoton.2017.107},
	Pages = {502},
	Title = {Satellite-to-ground quantum-limited communication using a 50-kg-class microsatellite},
	Volume = {11},
	Year = {2017}}

@article{SD-Munro:2012aa,
	Author = {Munro, W. J. and Stephens, A. M. and Devitt, S. J. and Harrison, K. A. and Nemoto, Kae},
	Journal = {Nature Photonics},
	Doi = {10.1038/nphoton.2012.243},
	Pages = {777},
	Title = {Quantum communication without the necessity of quantum memories},
	Volume = {6},
	Year = {2012}}

@article{SD-Sangouard:2011aa,
	Author = {Sangouard, Nicolas and Simon, Christoph and de Riedmatten, Hugues and Gisin, Nicolas},
	Doi = {10.1103/RevModPhys.83.33},
	Journal = {Reviews of Modern Physics},
	Pages = {33},
	Title = {Quantum repeaters based on atomic ensembles and linear optics},
	Volume = {83},
	Year = {2011}}

@article{SD-Fowler:2010aa,
	Author = {Fowler, Austin G. and Wang, David S. and Hill, Charles D. and Ladd, Thaddeus D. and Van Meter, Rodney and Hollenberg, Lloyd C. L.},
	Doi = {10.1103/PhysRevLett.104.180503},
	Journal = {Physical Review Letters},
	Pages = {180503},
	Title = {Surface Code Quantum Communication},
	Volume = {104},
	Year = {2010}}

@article{SD-Azuma:2015aa,
	Author = {Azuma, Koji and Tamaki, Kiyoshi and Lo, Hoi-Kwong},
	Journal = {Nature Communications},
	Doi = {10.1038/ncomms7787},
	Pages = {6787},
	Title = {All-photonic quantum repeaters},
	Volume = {6},
	Year = {2015}}

@article{SD-Wehner:2018aa,
	Author = {Wehner, Stephanie and Elkouss, David and Hanson, Ronald},
	Doi = {10.1126/science.aam9288},
	Journal = {Science},
	Pages = {eaam9288},
	Title = {Quantum internet: A vision for the road ahead},
	Volume = {362},
	Year = {2018}}
@Comment{jabref-meta: databaseType:bibtex;}
