@Article{SD-Berndt2000,
  author  = {E.R. Berndt and E.R. Dulberger and N.J. Rappaport},
  title   = {Price and quality of desktop and mobile personal computers: A quarter century of history},
  journal = {Papers and Proceedings of the Hundred Thirteenth Annual Meeting of the American Economic Association},
  year    = {2000},
  volume  = {91},
  pages   = {268},
  url     = {https://conference.nber.org/confer/2000/si2000/berndt.pdf},
}

@Article{SD-Horsman:2012aa,
  author  = {Clare Horsman and Austin G Fowler and Simon Devitt and Rodney Van Meter},
  title   = {Surface code quantum computing by lattice surgery},
  journal = {New Journal of Physics},
  year    = {2012},
  volume  = {14},
  pages   = {123011},
  doi     = {10.1088/1367-2630/14/12/123011},
  eprint  = {arXiv:1111.4022v3},
}

@Article{SD-Curty:2001aa,
  author  = {Curty, Marcos and Santos, David J.},
  title   = {Quantum authentication of classical messages},
  journal = {Physical Review A},
  year    = {2001},
  volume  = {64},
  pages   = {062309},
  doi     = {10.1103/PhysRevA.64.062309},
  eprint  = {arXiv:quant-ph/0103122v2},
}

@article{SD-Clauser:1969aa,
	Author = {Clauser, John F. and Horne, Michael A. and Shimony, Abner and Holt, Richard A.},
	Doi = {10.1103/PhysRevLett.23.880},
	Journal = {Physical Review Letters},
	Pages = {880},
	Title = {Proposed Experiment to Test Local Hidden-Variable Theories},
	Volume = {23},
	Year = {1969}}

@Article{SD-Milgram1967,
  author  = {S. Milgram},
  title   = {The Small World Problem},
  journal = {Psychology Today},
  year    = {1967},
  volume  = {2},
  pages   = {60},
  doi     = {10.1037/e400002009-005},
}

@article{SD-Zukowski:1993aa,
	Author = {{\.Z}ukowski, M. and Zeilinger, A. and Horne, M. A. and Ekert, A. K.},
	Doi = {10.1103/PhysRevLett.71.4287},
	Journal = {Physical Review Letters},
	Pages = {4287},
	Title = {``Event-ready-detectors'' Bell experiment via entanglement swapping},
	Volume = {71},
	Year = {1993}}

@Article{SD-Reiher:2017aa,
  author  = {Reiher, Markus and Wiebe, Nathan and Svore, Krysta M. and Wecker, Dave and Troyer, Matthias},
  title   = {Elucidating reaction mechanisms on quantum computers},
  journal = {Proceedings of the National Academy of Sciences},
  year    = {2017},
  month   = {07},
  doi     = {10.1073/pnas.1619152114},
  eprint  = {arXiv:1605.03590v2},
}

@Article{SD-Nemoto:2014aa,
  author  = {Nemoto, Kae and Trupke, Michael and Devitt, Simon J. and Stephens, Ashley M. and Scharfenberger, Burkhard and Buczak, Kathrin and N{\"o}bauer, Tobias and Everitt, Mark S. and Schmiedmayer, J{\"o}rg and Munro, William J.},
  title   = {Photonic Architecture for Scalable Quantum Information Processing in Diamond},
  journal = {Physical Review X},
  year    = {2014},
  volume  = {4},
  pages   = {031022},
  doi     = {10.1103/PhysRevX.4.031022},
  eprint  = {arXiv:1309.4277v1},
}

@Article{SD-Lekitsch:2017aa,
  author  = {Lekitsch, Bjoern and Weidt, Sebastian and Fowler, Austin G. and M{\o}lmer, Klaus and Devitt, Simon J. and Wunderlich, Christof and Hensinger, Winfried K.},
  title   = {Blueprint for a microwave trapped ion quantum computer},
  journal = {Science Advances},
  year    = {2017},
  volume  = {3},
  doi     = {10.1126/sciadv.1601540},
  eprint  = {arXiv:1508.00420v3},
}

@article{SD-Hill:2015aa,
	Author = {Hill, Charles D. and Peretz, Eldad and Hile, Samuel J. and House, Matthew G. and Fuechsle, Martin and Rogge, Sven and Simmons, Michelle Y. and Hollenberg, Lloyd C. L.},
	Journal = {Science Advances},
	Doi = {10.1126/sciadv.1500707},
	Title = {A surface code quantum computer in silicon},
	Volume = {1},
	Year = {2015}}

@article{SD-Gimeno-Segovia:2015aa,
	Author = {Gimeno-Segovia, Mercedes and Shadbolt, Pete and Browne, Dan E. and Rudolph, Terry},
	Doi = {10.1103/PhysRevLett.115.020502},
	Journal = {Physical Review Letters},
	Pages = {020502},
	Title = {From Three-Photon Greenberger-Horne-Zeilinger States to Ballistic Universal Quantum Computation},
	Volume = {115},
	Year = {2015}}

@Article{SD-Jones:2012aa,
  author  = {Jones, N. Cody and Van Meter, Rodney and Fowler, Austin G. and McMahon, Peter L. and Kim, Jungsang and Ladd, Thaddeus D. and Yamamoto, Yoshihisa},
  title   = {Layered Architecture for Quantum Computing},
  journal = {Physical Review X},
  year    = {2012},
  volume  = {2},
  pages   = {031007},
  doi     = {10.1103/PhysRevX.2.031007},
  eprint  = {arXiv:1010.5022v3},
}

@Article{SD-Breuckmann:2017aa,
  author  = {Nikolas P Breuckmann and Christophe Vuillot and Earl Campbell and Anirudh Krishna and Barbara M Terhal},
  title   = {Hyperbolic and semi-hyperbolic surface codes for quantum storage},
  journal = {Quantum Science and Technology},
  year    = {2017},
  volume  = {2},
  pages   = {035007},
  doi     = {10.1088/2058-9565/aa7d3b},
  eprint  = {arXiv:1703.00590v2},
}

@Article{SD-Bombin:2015aa,
  author  = {H{\'e}ctor Bomb{\'\i}n},
  title   = {Gauge color codes: optimal transversal gates and gauge fixing in topological stabilizer codes},
  journal = {New Journal of Physics},
  year    = {2015},
  volume  = {17},
  pages   = {083002},
  doi     = {10.1088/1367-2630/17/8/083002},
}

@article{SD-Fawzi:2018aa,
	Author = {O. Fawzi and A. Grospellier and A. Leverrier},
	Doi = {10.1109/FOCS.2018.00076},
	Isbn = {2575-8454},
	Journal = {2018 IEEE 59th Annual Symposium on Foundations of Computer Science (FOCS)},
	Pages = {743},
	Title = {Constant Overhead Quantum Fault-Tolerance with Quantum Expander Codes},
	Year = {2018}}

@Article{SD-Tuckett:2018aa,
  author  = {Tuckett, David K. and Bartlett, Stephen D. and Flammia, Steven T.},
  title   = {Ultrahigh Error Threshold for Surface Codes with Biased Noise},
  journal = {Physical Review Letters},
  year    = {2018},
  volume  = {120},
  pages   = {050505},
  doi     = {10.1103/PhysRevLett.120.050505},
  eprint  = {arXiv:1708.08474v3},
}

@Article{SD-Nagayama:2017aa,
  author  = {Shota Nagayama and Austin G Fowler and Dominic Horsman and Simon J Devitt and Rodney Van Meter},
  title   = {Surface code error correction on a defective lattice},
  journal = {New Journal of Physics},
  year    = {2017},
  volume  = {19},
  pages   = {023050},
  doi     = {10.1088/1367-2630/aa5918},
  eprint  = {arXiv:1607.00627v2},
}

@Article{SD-Stace:2010aa,
  author  = {Stace, Thomas M. and Barrett, Sean D.},
  title   = {Error correction and degeneracy in surface codes suffering loss},
  journal = {Physical Review A},
  year    = {2010},
  volume  = {81},
  pages   = {022317},
  doi     = {10.1103/PhysRevA.81.022317},
  eprint  = {arXiv:0912.1159v1},
}

@Article{SD-Stephens:2014aa,
  author  = {Stephens, Ashley M.},
  title   = {Fault-tolerant thresholds for quantum error correction with the surface code},
  journal = {Physical Review A},
  year    = {2014},
  volume  = {89},
  pages   = {022321},
  doi     = {10.1103/PhysRevA.89.022321},
  eprint  = {arXiv:1311.5003v2},
}

@article{SD-Wang:2011aa,
	Author = {Wang, David S. and Fowler, Austin G. and Hollenberg, Lloyd C. L.},
	Doi = {10.1103/PhysRevA.83.020302},
	Journal = {Physical Review A},
	Pages = {020302},
	Title = {Surface code quantum computing with error rates over 1{\%}},
	Volume = {83},
	Year = {2011}}

@Article{SD-Fowler:2012aa,
  author  = {Fowler, Austin G. and Mariantoni, Matteo and Martinis, John M. and Cleland, Andrew N.},
  title   = {Surface codes: Towards practical large-scale quantum computation},
  journal = {Physical Review A},
  year    = {2012},
  volume  = {86},
  pages   = {032324},
  doi     = {10.1103/PhysRevA.86.032324},
  eprint  = {arXiv:1208.0928v2},
}

@article{SD-Preskill2018quantumcomputingin,
	Author = {Preskill, John},
	Doi = {10.22331/q-2018-08-06-79},
	Journal = {{Quantum}},
	Pages = {79},
	Title = {Quantum {C}omputing in the {NISQ} era and beyond},
	Volume = {2},
	Year = {2018}}

@article{SD-Tosi:2017aa,
	Author = {Tosi, Guilherme and Mohiyaddin, Fahd A. and Schmitt, Vivien and Tenberg, Stefanie and Rahman, Rajib and Klimeck, Gerhard and Morello, Andrea},
	Doi = {10.1038/s41467-017-00378-x},
	Journal = {Nature Communications},
	Pages = {450},
	Title = {Silicon quantum processor with robust long-distance qubit couplings},
	Volume = {8},
	Year = {2017}}

@article{SD-Kurpiers:2018aa,
	Author = {Kurpiers, P. and Magnard, P. and Walter, T. and Royer, B. and Pechal, M. and Heinsoo, J. and Salath{\'e}, Y. and Akin, A. and Storz, S. and Besse, J. -C. and Gasparinetti, S. and Blais, A. and Wallraff, A.},
	Doi = {10.1038/s41586-018-0195-y},
	Journal = {Nature},
	Number = {7709},
	Pages = {264},
	Title = {Deterministic quantum state transfer and remote entanglement using microwave photons},
	Volume = {558},
	Year = {2018}}

@Article{SD-Gehrz2007,
  author  = {R.D. Gehrz and T.L. Roellig and M.W. Werner and G.G. Fazio and J.R. Houck and F.J. Low and G.H. Rieke and B.T. Soifer and D.A. Levine and E.A. Romana},
  title   = {{The NASA Spitzer Space Telescope}},
  journal = {Review of Scientific Instruments},
  year    = {2007},
  volume  = {78},
  pages   = {011302},
  doi     = {10.1063/1.2431313},
}

@article{SD-Aharonovich:2011aa,
	Author = {Aharonovich, Igor and Greentree, Andrew D. and Prawer, Steven},
	Journal = {Nature Photonics},
	Doi = {10.1038/nphoton.2011.54},
	Pages = {397},
	Title = {Diamond photonics},
	Volume = {5},
	Year = {2011}}

@Article{SD-Devitt:2013aa,
  author  = {Simon J Devitt and William J Munro and Kae Nemoto},
  title   = {Quantum error correction for beginners},
  journal = {Reports on Progress in Physics},
  year    = {2013},
  volume  = {76},
  pages   = {076001},
  doi     = {10.1088/0034-4885/76/7/076001},
  eprint  = {arXiv:0905.2794v4},
}

@article{SD-Zhong:2015aa,
	Author = {Zhong, Manjin and Hedges, Morgan P. and Ahlefeldt, Rose L. and Bartholomew, John G. and Beavan, Sarah E. and Wittig, Sven M. and Longdell, Jevon J. and Sellars, Matthew J.},
	Journal = {Nature},
	Doi = {10.1038/nature14025},
	Pages = {177 EP},
	Title = {Optically addressable nuclear spins in a solid with a six-hour coherence time},
	Volume = {517},
	Year = {2015}}

@Article{SD-Rancic:2017aa,
  author  = {Ran{\v c}i{\'c}, Milo{\v s} and Hedges, Morgan P. and Ahlefeldt, Rose L. and Sellars, Matthew J.},
  title   = {Coherence time of over a second in a telecom-compatible quantum memory storage material},
  journal = {Nature Physics},
  year    = {2017},
  volume  = {14},
  pages   = {50},
  doi     = {10.1038/nphys4254},
  eprint  = {arXiv:1611.04315v2},
}

@article{SD-Astner:2018aa,
	Author = {Astner, T. and Gugler, J. and Angerer, A. and Wald, S. and Putz, S. and Mauser, N. J. and Trupke, M. and Sumiya, H. and Onoda, S. and Isoya, J. and Schmiedmayer, J. and Mohn, P. and Majer, J.},
	Doi = {10.1038/s41563-017-0008-y},
	Journal = {Nature Materials},
	Pages = {313},
	Title = {Solid-state electron spin lifetime limited by phononic vacuum modes},
	Volume = {17},
	Year = {2018}}

@Article{SD-Terhal:2015aa,
  author  = {Terhal, Barbara M.},
  title   = {Quantum error correction for quantum memories},
  journal = {Reviews of Modern Physics},
  year    = {2015},
  volume  = {87},
  pages   = {307},
  doi     = {10.1103/RevModPhys.87.307},
  eprint  = {arXiv:1302.3428v7},
}

@article{SD-Merkle:1978:SCO:359460.359473,
	Author = {Merkle, Ralph C.},
	Doi = {10.1145/359460.359473},
	Journal = {Communications ACM},
	Pages = {294},
	Title = {Secure Communications over Insecure Channels},
	Volume = {21},
	Year = {1978}}

@article{SD-Shannon:1949aa,
	Author = {C. E. Shannon},
	Doi = {10.1002/j.1538-7305.1949.tb00928.x},
	Journal = {The Bell System Technical Journal},
	Pages = {656},
	Title = {Communication theory of secrecy systems},
	Volume = {28},
	Year = {1949}}

@article{SD-Devitt:2016aa,
	Author = {Devitt, Simon J. and Greentree, Andrew D. and Stephens, Ashley M. and Van Meter, Rodney},
	Journal = {Scientific Reports},
	Doi = {10.1038/srep36163},
	Pages = {36163},
	Title = {High-speed quantum networking by ship},
	Volume = {6},
	Year = {2016}}

@Article{SD-Devitt2011,
  author  = {S.J. Devitt and W.J. Munro and K. Nemoto},
  title   = {{High Performance Quantum Computing}},
  journal = {Progress in Informatics},
  year    = {2011},
  volume  = {8},
  pages   = {49},
  doi     = {10.2201/niipi.2011.8.6},
}

@article{SD-Fitzsimons:2017aa,
	Author = {Fitzsimons, Joseph F.},
	Doi = {10.1038/s41534-017-0025-3},
	Journal = {NPJ Quantum Information},
	Pages = {23},
	Title = {Private quantum computation: an introduction to blind quantum computing and related protocols},
	Volume = {3},
	Year = {2017}}

@Article{SD-Peev:2009aa,
  author  = {M Peev and C Pacher and R All{\'e}aume and C Barreiro and J Bouda and W Boxleitner and T Debuisschert and E Diamanti and M Dianati and J F Dynes and S Fasel and S Fossier and M F{\"u}rst and J-D Gautier and O Gay and N Gisin and P Grangier and A Happe and Y Hasani and M Hentschel and H H{\"u}bel and G Humer and T L{\"a}nger and M Legr{\'e} and R Lieger and J Lodewyck and T Lor{\"u}nser and N L{\"u}tkenhaus and A Marhold and T Matyus and O Maurhart and L Monat and S Nauerth and J-B Page and A Poppe and E Querasser and G Ribordy and S Robyr and L Salvail and A W Sharpe and A J Shields and D Stucki and M Suda and C Tamas and T Themel and R T Thew and Y Thoma and A Treiber and P Trinkler and R Tualle-Brouri and F Vannel and N Walenta and H Weier and H Weinfurter and I Wimberger and Z L Yuan and H Zbinden and A Zeilinger},
  title   = {The SECOQC quantum key distribution network in Vienna},
  journal = {New Journal of Physics},
  year    = {2009},
  volume  = {11},
  pages   = {075001},
  doi     = {10.1088/1367-2630/11/7/075001},
}

@Article{SD-Liao:2017aa,
  author  = {Liao, Sheng-Kai and Cai, Wen-Qi and Liu, Wei-Yue and Zhang, Liang and Li, Yang and Ren, Ji-Gang and Yin, Juan and Shen, Qi and Cao, Yuan and Li, Zheng-Ping and Li, Feng-Zhi and Chen, Xia-Wei and Sun, Li-Hua and Jia, Jian-Jun and Wu, Jin-Cai and Jiang, Xiao-Jun and Wang, Jian-Feng and Huang, Yong-Mei and Wang, Qiang and Zhou, Yi-Lin and Deng, Lei and Xi, Tao and Ma, Lu and Hu, Tai and Zhang, Qiang and Chen, Yu-Ao and Liu, Nai-Le and Wang, Xiang-Bin and Zhu, Zhen-Cai and Lu, Chao-Yang and Shu, Rong and Peng, Cheng-Zhi and Wang, Jian-Yu and Pan, Jian-Wei},
  title   = {Satellite-to-ground quantum key distribution},
  journal = {Nature},
  year    = {2017},
  volume  = {549},
  pages   = {43},
  doi     = {10.1038/nature23655},
  eprint  = {arXiv:1707.00542v1},
}

@article{SD-Schmitt-Manderbach:2007aa,
	Author = {Schmitt-Manderbach, Tobias and Weier, Henning and F{\"u}rst, Martin and Ursin, Rupert and Tiefenbacher, Felix and Scheidl, Thomas and Perdigues, Josep and Sodnik, Zoran and Kurtsiefer, Christian and Rarity, John G. and Zeilinger, Anton and Weinfurter, Harald},
	Doi = {10.1103/PhysRevLett.98.010504},
	Journal = {Physical Review Letters},
	Pages = {010504},
	Title = {Experimental Demonstration of Free-Space Decoy-State Quantum Key Distribution over 144 km},
	Volume = {98},
	Year = {2007}}|

@article{SD-Ma:2012aa,
	Author = {Ma, Xiao-Song and Herbst, Thomas and Scheidl, Thomas and Wang, Daqing and Kropatschek, Sebastian and Naylor, William and Wittmann, Bernhard and Mech, Alexandra and Kofler, Johannes and Anisimova, Elena and Makarov, Vadim and Jennewein, Thomas and Ursin, Rupert and Zeilinger, Anton},
	Journal = {Nature},
	Doi = {10.1038/nature11472},
	Pages = {269},
	Title = {Quantum teleportation over 143 kilometres using active feed-forward},
	Volume = {489},
	Year = {2012}}

@article{SD-Ursin:2007aa,
	Author = {Ursin, R. and Tiefenbacher, F. and Schmitt-Manderbach, T. and Weier, H. and Scheidl, T. and Lindenthal, M. and Blauensteiner, B. and Jennewein, T. and Perdigues, J. and Trojek, P. and {\"O}mer, B. and F{\"u}rst, M. and Meyenburg, M. and Rarity, J. and Sodnik, Z. and Barbieri, C. and Weinfurter, H. and Zeilinger, A.},
	Journal = {Nature Physics},
	Doi = {10.1038/nphys629},
	Pages = {481},
	Title = {Entanglement-based quantum communication over 144 km},
	Volume = {3},
	Year = {2007}}

@Article{SD-Tang:2016aa,
  author  = {Tang, Zhongkan and Chandrasekara, Rakhitha and Tan, Yue Chuan and Cheng, Cliff and Sha, Luo and Hiang, Goh Cher and Oi, Daniel K. L. and Ling, Alexander},
  title   = {Generation and Analysis of Correlated Pairs of Photons aboard a Nanosatellite},
  journal = {Physical Review Applied},
  year    = {2016},
  volume  = {5},
  pages   = {054022},
  doi     = {10.1103/PhysRevApplied.5.054022},
  eprint  = {arXiv:1603.06659v1},
}

@article{SD-Yin:2017aa,
	Author = {Yin, Juan and Cao, Yuan and Li, Yu-Huai and Liao, Sheng-Kai and Zhang, Liang and Ren, Ji-Gang and Cai, Wen-Qi and Liu, Wei-Yue and Li, Bo and Dai, Hui and Li, Guang-Bing and Lu, Qi-Ming and Gong, Yun-Hong and Xu, Yu and Li, Shuang-Lin and Li, Feng-Zhi and Yin, Ya-Yun and Jiang, Zi-Qing and Li, Ming and Jia, Jian-Jun and Ren, Ge and He, Dong and Zhou, Yi-Lin and Zhang, Xiao-Xiang and Wang, Na and Chang, Xiang and Zhu, Zhen-Cai and Liu, Nai-Le and Chen, Yu-Ao and Lu, Chao-Yang and Shu, Rong and Peng, Cheng-Zhi and Wang, Jian-Yu and Pan, Jian-Wei},
	Doi = {10.1126/science.aan3211},
	Journal = {Science},
	Pages = {1140},
	Title = {Satellite-based entanglement distribution over 1200 kilometers},
	Volume = {356},
	Year = {2017}}

@article{SD-Takenaka:2017aa,
	Author = {Takenaka, Hideki and Carrasco-Casado, Alberto and Fujiwara, Mikio and Kitamura, Mitsuo and Sasaki, Masahide and Toyoshima, Morio},
	Journal = {Nature Photonics},
	Doi = {10.1038/nphoton.2017.107},
	Pages = {502},
	Title = {Satellite-to-ground quantum-limited communication using a 50-kg-class microsatellite},
	Volume = {11},
	Year = {2017}}

@article{SD-Munro:2012aa,
	Author = {Munro, W. J. and Stephens, A. M. and Devitt, S. J. and Harrison, K. A. and Nemoto, Kae},
	Journal = {Nature Photonics},
	Doi = {10.1038/nphoton.2012.243},
	Pages = {777},
	Title = {Quantum communication without the necessity of quantum memories},
	Volume = {6},
	Year = {2012}}

@article{SD-Sangouard:2011aa,
	Author = {Sangouard, Nicolas and Simon, Christoph and de Riedmatten, Hugues and Gisin, Nicolas},
	Doi = {10.1103/RevModPhys.83.33},
	Journal = {Reviews of Modern Physics},
	Pages = {33},
	Title = {Quantum repeaters based on atomic ensembles and linear optics},
	Volume = {83},
	Year = {2011}}

@Article{SD-Fowler:2010aa,
  author  = {Fowler, Austin G. and Wang, David S. and Hill, Charles D. and Ladd, Thaddeus D. and Van Meter, Rodney and Hollenberg, Lloyd C. L.},
  title   = {Surface Code Quantum Communication},
  journal = {Physical Review Letters},
  year    = {2010},
  volume  = {104},
  pages   = {180503},
  doi     = {10.1103/PhysRevLett.104.180503},
  eprint  = {arXiv:0910.4074v3},
}

@Article{SD-Azuma:2015aa,
  author  = {Azuma, Koji and Tamaki, Kiyoshi and Lo, Hoi-Kwong},
  title   = {All-photonic quantum repeaters},
  journal = {Nature Communications},
  year    = {2015},
  volume  = {6},
  pages   = {6787},
  doi     = {10.1038/ncomms7787},
  eprint  = {arXiv:1309.7207v1},
}

@article{SD-Wehner:2018aa,
	Author = {Wehner, Stephanie and Elkouss, David and Hanson, Ronald},
	Doi = {10.1126/science.aam9288},
	Journal = {Science},
	Pages = {eaam9288},
	Title = {Quantum internet: A vision for the road ahead},
	Volume = {362},
	Year = {2018}}