% Encoding: UTF-8

@Article{bib:martinis1985energy,
  author  = {Martinis, John M and Devoret, Michel H and Clarke, John},
  title   = {Energy-level quantization in the zero-voltage state of a current-biased Josephson junction},
  journal = {Physical Review Letters},
  year    = {1985},
  volume  = {55},
  pages   = {1543},
  doi     = {10.1103/physrevlett.55.1543},
}

@Article{bib:shnirman1997quantum,
  author  = {Shnirman, Alexander and Sch{\"o}n, Gerd and Hermon, Ziv},
  title   = {Quantum manipulations of small Josephson junctions},
  journal = {Physical Review Letters},
  year    = {1997},
  volume  = {79},
  pages   = {2371},
  doi     = {10.1103/physrevlett.79.2371},
}

@Article{bib:averin1998adiabatic,
  author  = {Averin, DV},
  title   = {Adiabatic quantum computation with Cooper pairs},
  journal = {Solid State Communications},
  year    = {1998},
  volume  = {105},
  pages   = {659},
  doi     = {10.1016/s0038-1098(97)10001-1},
  eprint  = {arXiv:quant-ph/9706026v1},
}

@Article{bib:makhlin2001quantum,
  author  = {Makhlin, Yuriy and Sch{\"o}n, Gerd and Shnirman, Alexander},
  title   = {Quantum-state engineering with Josephson-junction devices},
  journal = {Reviews of Modern Physics},
  year    = {2001},
  volume  = {73},
  pages   = {357},
  doi     = {10.1103/revmodphys.73.357},
}
  
@Article{bib:devoret2004superconducting,
  title={Superconducting qubits: A short review},
  author={Devoret, Michel H and Wallraff, Andreas and Martinis, John M},
  eprint={arXiv:cond-mat/0411174},
  year={2004}}

@Article{bib:josephson1974the,
  author  = {Josephson, B. D.},
  title   = {The discovery of tunnelling supercurrents},
  journal = {Reviews in Modern Physics},
  year    = {1974},
  volume  = {46},
  pages   = {251},
  doi     = {10.1051/epn/19740503001},
}

@Article{bib:bouchiat1998quantum,
  author  = {Bouchiat, Vincent and Vion, D and Joyez, Ph and Esteve, D and Devoret, MH},
  title   = {Quantum coherence with a single Cooper pair},
  journal = {Physica Scripta},
  year    = {1998},
  volume  = {1998},
  pages   = {165},
  doi     = {10.1238/physica.topical.076a00165},
}

@Article{bib:nakamura1999coherent,
  author  = {Nakamura, Yasunobu and Pashkin, Yu A and Tsai, JS},
  title   = {Coherent control of macroscopic quantum states in a single-Cooper-pair box},
  journal = {Nature},
  year    = {1999},
  volume  = {398},
  pages   = {786},
  doi     = {10.1038/19718},
  eprint  = {arXiv:cond-mat/9904003v1},
}

@Article{bib:friedman2000quantum,
  author  = {Friedman, Jonathan R and Patel, Vijay and Chen, Wei and Tolpygo, SK and Lukens, James E},
  title   = {Quantum superposition of distinct macroscopic states},
  journal = {Nature},
  year    = {2000},
  volume  = {406},
  pages   = {43},
  doi     = {10.1038/35017505},
}

@Article{bib:van2000quantum,
  author  = {Van Der Wal, Caspar H and Ter Haar, ACJ and Wilhelm, FK and Schouten, RN and Harmans, CJPM and Orlando, TP and Lloyd, Seth and Mooij, JE},
  title   = {Quantum superposition of macroscopic persistent-current states},
  journal = {Science},
  year    = {2000},
  volume  = {290},
  pages   = {773},
  doi     = {10.1126/science.290.5492.773},
}

@Article{bib:martinis2002rabi,
  author  = {Martinis, John M and Nam, S and Aumentado, J and Urbina, C},
  title   = {Rabi oscillations in a large Josephson-junction qubit},
  journal = {Physical Review Letters},
  year    = {2002},
  volume  = {89},
  pages   = {117901},
  doi     = {10.1103/physrevlett.89.117901},
}

@Article{bib:koch2007charge,
  author  = {Koch, Jens and Terri, M Yu and Gambetta, Jay and Houck, Andrew A and Schuster, DI and Majer, J and Blais, Alexandre and Devoret, Michel H and Girvin, Steven M and Schoelkopf, Robert J},
  title   = {Charge-insensitive qubit design derived from the Cooper pair box},
  journal = {Physical Review A},
  year    = {2007},
  volume  = {76},
  pages   = {042319},
  doi     = {10.1103/physreva.76.042319},
  eprint  = {arXiv:cond-mat/0703002v2},
}

@Article{bib:gambetta2017building,
  author  = {Gambetta, Jay M and Chow, Jerry M and Steffen, Matthias},
  title   = {Building logical qubits in a superconducting quantum computing system},
  journal = {NPJ Quantum Information},
  year    = {2017},
  volume  = {3},
  pages   = {2},
  doi     = {10.1038/s41534-016-0004-0},
  eprint  = {arXiv:1510.04375v1},
}

@Article{bib:you2005fast,
  author  = {You, JQ and Nakamura, Y and Nori, Franco},
  title   = {Fast two-bit operations in inductively coupled flux qubits},
  journal = {Physical Review B},
  year    = {2005},
  volume  = {71},
  pages   = {024532},
  doi     = {10.1103/physrevb.71.024532},
  eprint  = {arXiv:cond-mat/0309491v3},
}

@Article{bib:harris2018phase,
  author  = {Harris, R and Sato, Y and Berkley, AJ and Reis, M and Altomare, F and Amin, MH and Boothby, K and Bunyk, P and Deng, C and Enderud, C and others},
  title   = {Phase transitions in a programmable quantum spin glass simulator},
  journal = {Science},
  year    = {2018},
  volume  = {361},
  pages   = {162},
  doi     = {10.1126/science.aat2025},
}

@Article{bib:raimond2001manipulating,
  author  = {Raimond, Jean-Michel and Brune, M and Haroche, Serge},
  title   = {Manipulating quantum entanglement with atoms and photons in a cavity},
  journal = {Reviews in Modern Physics},
  year    = {2001},
  volume  = {73},
  pages   = {565},
  doi     = {10.1103/revmodphys.73.565},
}

@Article{bib:wallraff2004strong,
  author  = {Wallraff, Andreas and Schuster, David I and Blais, Alexandre and Frunzio, L and Huang, R-S and Majer, J and Kumar, S and Girvin, Steven M and Schoelkopf, Robert J},
  title   = {Strong coupling of a single photon to a superconducting qubit using circuit quantum electrodynamics},
  journal = {Nature},
  year    = {2004},
  volume  = {431},
  pages   = {162},
  doi     = {10.1038/nature02851},
}

@Article{bib:rabl2010quantum,
  author  = {Rabl, Peter and Kolkowitz, Shimon Jacob and Koppens, FHL and Harris, JGE and Zoller, P and Lukin, Mikhail D},
  title   = {A quantum spin transducer based on nanoelectromechanical resonator arrays},
  journal = {Nature Physics},
  year    = {2010},
  volume  = {6},
  pages   = {602},
  doi     = {10.1038/nphys1679},
  eprint  = {arXiv:0908.0316v1},
}

@Article{bib:barzanjeh2011entangling,
  author  = {Barzanjeh, Sh and Vitali, D and Tombesi, P and Milburn, GJ},
  title   = {Entangling optical and microwave cavity modes by means of a nanomechanical resonator},
  journal = {Physical Review A},
  year    = {2011},
  volume  = {84},
  pages   = {042342},
  doi     = {10.1103/physreva.84.042342},
  eprint  = {arXiv:1107.4152v3},
}

@Article{bib:bochmann2013nanomechanical,
  author  = {Bochmann, Joerg and Vainsencher, Amit and Awschalom, David D and Cleland, Andrew N},
  title   = {Nanomechanical coupling between microwave and optical photons},
  journal = {Nature Physics},
  year    = {2013},
  volume  = {9},
  pages   = {712},
  doi     = {10.1038/nphys2748},
}

@Article{bib:didier2014quantum,
  author  = {Didier, Nicolas and Pugnetti, Stefano and Blanter, Yaroslav M and Fazio, Rosario},
  title   = {Quantum transducer in circuit optomechanics},
  journal = {Solid State Communications},
  year    = {2014},
  volume  = {198},
  pages   = {61},
  doi     = {10.1016/j.ssc.2014.02.029},
  eprint  = {arXiv:1201.6293v1},
}

@Article{bib:schuetz2015universal,
  author  = {Schuetz, MJA and Kessler, EM and Giedke, G and Vandersypen, LMK and Lukin, MD and Cirac, JI},
  title   = {Universal Quantum Transducers Based on Surface Acoustic Waves},
  journal = {Physical Review X},
  year    = {2015},
  volume  = {5},
  pages   = {031031},
  doi     = {10.1103/physrevx.5.031031},
  eprint  = {arXiv:1504.05127v2},
}

@Article{bib:shumeiko2016quantum,
  author  = {Shumeiko, Vitaly S},
  title   = {Quantum acousto-optic transducer for superconducting qubits},
  journal = {Physical Review A},
  year    = {2016},
  volume  = {93},
  pages   = {023838},
  doi     = {10.1103/physreva.93.023838},
  eprint  = {arXiv:1511.03819v2},
}

@Article{bib:stannigel2010optomechanical,
  author  = {Stannigel, Kai and Rabl, Peter and S{\o}rensen, Anders S and Zoller, Peter and Lukin, Mikhail D},
  title   = {Optomechanical transducers for long-distance quantum communication},
  journal = {Physical Review Letters},
  year    = {2010},
  volume  = {105},
  pages   = {220501},
  doi     = {10.1103/physrevlett.105.220501},
}

@Article{bib:imamouglu2009cavity,
  author  = {Imamo{\u{g}}lu, Atac},
  title   = {Cavity QED based on collective magnetic dipole coupling: spin ensembles as hybrid two-level systems},
  journal = {Physical Review letters},
  year    = {2009},
  volume  = {102},
  pages   = {083602},
  doi     = {10.1103/physrevlett.102.083602},
}

@Article{bib:blum2015interfacing,
  author  = {Blum, Susanne and O'Brien, Christopher and Lauk, Nikolai and Bushev, Pavel and Fleischhauer, Michael and Morigi, Giovanna},
  title   = {Interfacing microwave qubits and optical photons via spin ensembles},
  journal = {Physical Review A},
  year    = {2015},
  volume  = {91},
  pages   = {033834},
  doi     = {10.1103/physreva.91.033834},
  eprint  = {arXiv:1501.05860v1},
}

@Article{bib:chow2013microwave,
  author  = {Chow, Jerry M and Gambetta, Jay M and Cross, Andrew W and Merkel, Seth T and Rigetti, Chad and Steffen, M},
  title   = {Microwave-activated conditional-phase gate for superconducting qubits},
  journal = {New Journal of Physics},
  year    = {2013},
  volume  = {15},
  pages   = {115012},
  doi     = {10.1088/1367-2630/15/11/115012},
  eprint  = {arXiv:1307.2594v1},
}

@Article{bib:chow2011simple,
  author  = {Chow, Jerry M and C{\'o}rcoles, AD and Gambetta, Jay M and Rigetti, Chad and Johnson, BR and Smolin, John A and Rozen, JR and Keefe, George A and Rothwell, Mary B and Ketchen, Mark B and others},
  title   = {Simple all-microwave entangling gate for fixed-frequency superconducting qubits},
  journal = {Physical Review Letters},
  year    = {2011},
  volume  = {107},
  pages   = {080502},
  doi     = {10.1103/physrevlett.107.080502},
}

@Article{bib:blais2004cavity,
  author  = {Blais, Alexandre and Huang, Ren-Shou and Wallraff, Andreas and Girvin, Steven M and Schoelkopf, R Jun},
  title   = {Cavity quantum electrodynamics for superconducting electrical circuits: An architecture for quantum computation},
  journal = {Physical Review A},
  year    = {2004},
  volume  = {69},
  pages   = {062320},
  doi     = {10.1103/physreva.69.062320},
}

@Comment{jabref-meta: databaseType:bibtex;}
